1917 2900
717 368 1036 394 BENEDJCTIONEs.
1407 374 1454 401 ⁴97

308 453 365 479 tua
390 447 693 488 bene(›1⁴)dictione
719 456 913 479 conseruare
936 446 1100 487 digneris:
1124 450 1158 478 et
1174 451 1283 488 presta
1305 446 1451 488 piissime

308 501 346 522 ac
367 490 624 522 clementissime
647 495 746 532 pater.
763 494 800 522 ut
822 490 875 521 hic
892 489 1035 521 famulus
1051 495 1128 521 tuus
1144 490 1198 521 uel
1211 490 1322 521 famuli
1339 490 1395 522 tui.
1413 490 1454 521 N.

307 538 341 566 et
364 534 404 566 N.
428 535 460 565 in
484 534 546 565 hoc
567 535 657 575 quod
681 534 714 566 in
738 534 882 565 humeris
905 534 972 565 suis
995 534 1203 575 suspenderit
1225 533 1278 565 uel
1303 534 1456 565 manibus

309 578 489 619 portauerit
515 577 827 618 bene(›1‹)dictionis
854 582 910 609 tue
944 578 1051 618 gratia
1074 576 1246 618 repleatur.
1279 583 1312 609 et
1337 577 1391 608 hic
1422 582 1456 609 et

269 626 284 653 5
309 622 431 662 ubique
448 620 676 658 deffensionis†
691 626 747 653 tue
762 621 889 653 auxilio
905 621 1080 652 muniatur.
1127 621 1195 652 Per.

313 713 379 756 (AD
402 720 705 746 BENEDICENDUM
738 720 908 745 SPORTAM
934 720 1010 745 UEL
1034 720 1104 745 PRO
1128 720 1216 745 ITER
1246 720 1459 746 AGENTIBUS

827 769 965 810 Oratio.)

323 827 489 892 ACcipe
504 827 589 858 hanc
605 832 752 868 sportam
777 827 901 858 itineris
925 827 973 858 tui
990 827 1022 857 in
1048 827 1182 858 nomine
1206 827 1332 858 domini
1356 827 1459 859 nostri

336 889 339 893 ‹
431 871 498 902 iesu
528 870 660 902 christi:
698 876 735 902 ut
759 870 964 912 protectione
994 870 1080 901 illius
1111 871 1155 902 ab
1179 871 1334 902 omnibus
1365 871 1461 902 malis

259 921 292 940 ¹⁰
316 915 469 947 defensus
499 915 541 946 ad
572 914 682 946 locum
714 914 917 946 destinatum
944 914 1138 955 peruenias:
1177 919 1210 946 et
1234 919 1460 956 opportunum

316 959 474 1000 temporis
505 958 623 990 iteratu
658 958 798 999 repetito
828 958 871 989 ad
909 958 1042 998 propria
1080 959 1276 990 reuertendo
1313 957 1461 999 suffragii

316 1002 401 1044 seius
417 1002 554 1043 adipisci
572 1002 725 1033 merearis
741 1001 936 1033 custodiam.
985 1001 1065 1032 Per.¹
1318 1001 1374 1043 [fo.
1395 1003 1462 1034 180.

370 1108 436 1149 (AD
459 1114 763 1139 BENEDICENDUM
788 1114 968 1139 BACULUM
994 1113 1064 1138 PRO
1087 1113 1177 1138 ITER
1200 1113 1414 1139 AGENTIBUS

818 1163 955 1203 Oratio.)

263 1228 295 1255 ¹5
325 1220 495 1286 ACcipe
507 1226 540 1252 et
556 1220 643 1252 hunc
653 1219 807 1251 baculum
824 1220 949 1251 itineris
962 1220 1010 1252 tui
1027 1219 1059 1251 in
1076 1219 1210 1251 nomine
1220 1218 1347 1250 domini
1364 1220 1467 1251 nostri

438 1265 506 1296 iesu
517 1264 628 1295 christi
644 1264 700 1304 qui
712 1263 836 1295 famulo
846 1274 906 1295 suo
917 1263 1007 1295 tobie
1017 1262 1172 1304 angelum
1189 1273 1285 1294 suum
1299 1263 1417 1294 ducem
1434 1268 1468 1295 et

323 1308 471 1350 preuium
489 1307 639 1349 prestitit.
656 1307 793 1350 ipseque
816 1307 875 1339 tibi
898 1307 1054 1348 angelum
1078 1307 1169 1348 pacis
1192 1306 1338 1347 dirrigat.
1356 1307 1412 1348 qui
1435 1312 1469 1338 te

323 1353 364 1384 ad
381 1352 454 1383 loca
469 1351 634 1383 destinata
651 1351 816 1392 perducat.
832 1351 939 1391 sitque
956 1351 1015 1382 tibi
1031 1350 1245 1382 commitatus
1264 1354 1340 1381 tuus
1358 1351 1468 1382 iocun-

323 1396 393 1427 dus.
419 1400 455 1426 ut
481 1395 590 1426 nullus
614 1395 667 1426 uie
693 1399 749 1425 tue
779 1394 940 1435 subripiat
972 1394 1130 1425 inimicus.
1159 1394 1273 1435 procul
1301 1405 1321 1425 a
1345 1400 1379 1426 te
1403 1394 1469 1426 sint

265 1457 300 1476 20
326 1439 544 1480 malignorum
582 1449 740 1471 accessus.
771 1443 805 1470 et
835 1448 947 1470 comes
985 1438 1139 1479 dignetur
1168 1437 1228 1470 tibi
1263 1447 1335 1469 esse
1366 1438 1470 1470 uirtus

324 1483 457 1527 spiritus
472 1483 587 1514 sancti.
632 1482 752 1514 Amen.

515 2395 523 2411 ¹
542 2396 597 2421 The
609 2395 697 2420 collect
708 2393 758 2419 and
769 2393 879 2426 heading
890 2400 932 2418 are
943 2391 1043 2426 printed
1054 2399 1082 2416 as
1093 2391 1118 2415 in
1132 2390 1173 2414 the
1185 2388 1300 2421 original.

379 2445 520 2471 ROMAN.
1283 2437 1302 2464 2
1326 2435 1352 2462 K
