1917 2900
841 385 866 409 R
871 385 1045 411 UBRICAE.
1473 392 1518 417 ¹97

370 461 597 492 resurrecttbne
615 461 744 493 domini
761 466 793 493 el
810 467 873 503 per
892 467 1047 493 octauam.
1063 462 1194 501 infesto
1209 462 1404 493 ascensionis
1416 467 1450 493 et
1456 467 1520 502 per

371 509 526 536 octauam.
543 505 579 535 in
598 504 799 546 pereffccoste]
814 510 845 536 et
862 511 924 546 per
935 510 1091 537 octauam.
1107 505 1143 536 in
1149 506 1238 545 fislo
1252 507 1391 546 emporis
1404 506 1523 537 clmste‘

369 553 402 579 et
407 553 471 589 per
482 554 637 580 octauam.
654 549 690 579 in
697 549 785 589 festo
798 549 906 580 sancti
917 548 1069 580 tbleannis
1082 553 1159 579 ante
1171 554 1303 590 portam
1318 548 1467 580 latinam.
1483 560 1519 580 m

362 592 452 631 festo
465 592 677 632 apostolorum
686 592 778 632 petri
788 597 820 623 et
825 592 926 633 pauli
937 597 968 623 et
975 597 1039 632 per
1049 597 1205 623 octauam.
1251 592 1291 624 ln
1305 597 1419 623 octaua
1433 592 1521 624 beati

329 649 344 675 5
371 634 524 666 iohannis
538 635 672 676 baptiste
679 640 742 676 pro
755 646 790 666 eo
803 635 891 676 quod
909 641 956 667 est
970 636 1064 675 infra
1077 641 1224 667 octauam
1239 636 1375 676 apolsto-
1391 635 1450 677 [so.
1466 636 1516 675 76.

369 679 483 710 lorum.
500 679 632 718 infesto
646 679 848 710 utkt’lattbnis
861 679 949 710 beate
964 679 1069 710 marie
1088 684 1120 710 et
1133 684 1197 719 per
1215 684 1371 711 octauam.
1386 680 1422 710 in
1427 681 1518 720 fisto

367 722 477 754 sancti
480 723 572 763 petri
583 722 631 753 ad
642 722 780 754 uincula.
824 722 866 753 In
889 723 1106 763 assumptione
1127 723 1215 754 beate
1243 723 1388 764 uirginis
1408 728 1440 754 et
1457 728 1519 763 per

367 771 523 797 octauam.
548 766 583 797 in
607 770 720 797 octaua
744 766 852 797 sancti
875 765 1035 797 laurentii
1054 771 1116 806 pro
1139 777 1173 797 co
1195 766 1283 806 quod
1308 766 1400 797 uenit
1423 766 1517 806 infra

369 814 516 840 octauam
542 809 630 841 beate
660 809 811 850 uirgy'mk.
843 809 878 841 in
908 810 1084 841 natiuitate
1112 808 1201 841 beate
1229 810 1374 851 uirgine&
1401 814 1433 841 et
1454 816 1517 851 per

316 866 345 885 10
368 858 525 885 octauam.
565 853 601 884 in
640 853 885 892 fistiuitate'bus
918 858 1025 884 sancte
1060 854 1170 885 cmcis.
1208 853 1244 885 in
1272 853 1517 893 fisliut'tatibus

369 897 564 938 angelorum.
611 896 652 928 ln
666 897 755 937 sesto
773 897 918 928 omnium
933 901 1124 928 sanctorum.
1142 897 1177 928 in
1198 896 1348 928 omnibus
1367 897 1515 928 solemni--

368 940 492 971 tatibus
521 939 685 971 duodecim
722 940 941 981 apostolorum.
972 945 1004 971 et
1033 940 1316 981 euangeltktarum.
1346 945 1378 971 et
1411 940 1520 972 sancti

370 983 516 1015 barnabe.
532 984 567 1015 in
582 983 730 1015 omnibus
743 983 1028 1015 consecrationibus
1041 983 1243 1015 ecclesiarum
1258 989 1290 1015 et
1302 984 1471 1015 altarium.
