1917 2900
293 677 306 703 5

276 949 307 967 10

277 1251 306 1278 15

332 387 416 419 Now]
498 388 525 412 S.
550 387 736 412 MENNAE:
763 388 790 412 S.
819 387 1052 413 ELJSABETH:
1084 389 1110 413 S.
1139 389 1322 414 CAECILIA.
1434 396 1483 422 399

721 484 777 525 (m
802 491 937 516 semen
961 491 1069 516 MENE

850 540 990 581 Oratio.)

341 598 442 663 DA
465 607 645 639 quesumus
668 597 880 638 omnipotens
903 597 994 628 deus.
1010 602 1047 628 ut
1069 598 1125 638 qui
1150 598 1237 629 beati
1261 608 1381 630 menne
1398 610 1482 631 mar-

452 642 521 673 tiris
552 641 599 672 tui
631 640 784 671 natalitia
813 640 959 672 colimus.
991 640 1225 673 intercessione
1263 642 1332 673 eius
1364 643 1396 674 in
1434 644 1481 675 tui

333 685 476 717 nominis
492 695 605 716 amore
621 684 823 716 roboremur.
870 684 939 715 Per.

822 751 994 793 (Secreta.)

339 809 413 874 M
423 809 591 842 Uneribus
607 809 727 840 nostris
742 818 923 849 quesumus
939 808 1074 840 domine
1091 809 1308 851 precibusque
1322 812 1484 853 susceptis

464 858 497 884 et
514 853 690 884 celestibus
706 862 766 883 nos
783 851 908 883 munda
923 852 1078 884 misteriis
1093 858 1127 884 et
1150 853 1329 885 clementer
1351 856 1483 887 exaudi.

333 897 401 928 Per.

747 951 845 990 (Post
858 951 1061 992 communio.)

341 1008 442 1074 DA
464 1017 645 1049 quesumus
667 1007 802 1038 domine
824 1007 906 1038 deus
929 1012 1049 1039 noster.
1071 1012 1109 1039 ut
1130 1007 1215 1040 sicut
1239 1013 1369 1041 tuorum
1393 1020 1483 1043 com-

452 1051 691 1083 memoratione
715 1055 915 1082 sanctorum.
939 1051 1114 1091 temporali
1138 1052 1344 1092 gratulamur
1366 1053 1483 1087 officio.

333 1096 380 1127 ita
395 1100 556 1137 perpetuo
571 1094 711 1126 letemur
725 1099 869 1135 aspectu.
917 1094 985 1125 Per.

659 1185 716 1228 (m
741 1192 885 1218 SANc’rE
909 1192 1155 1218 nvasABETn

849 1241 990 1282 Oratio.)

405 1299 532 1331 Uorum
558 1298 659 1329 corda
682 1297 829 1329 fidelium
857 1297 940 1328 deus
966 1297 1138 1329 miserator
1164 1297 1297 1330 illustra.
1321 1304 1356 1331 et
1386 1299 1484 1332 beate

446 1341 619 1383 elysabeth
647 1341 798 1382 precibus
823 1340 984 1382 gloriosis.
1009 1340 1060 1372 sac
1090 1351 1151 1372 nos
1181 1352 1336 1383 prospera
1368 1343 1483 1375 mundi

333 1386 509 1427 despicere.
525 1390 559 1416 et
574 1385 686 1416 celesti
703 1394 833 1425 semper
848 1384 1075 1416 consolatione
1089 1385 1243 1425 gaudere.
1289 1386 1359 1418 Per.

825 1453 993 1495 (Secreta.)

274 1521 308 1539 20
340 1511 538 1576 MUnera
554 1511 688 1542 domine
704 1514 816 1541 nostre
837 1509 1028 1541 douotionis
1051 1509 1226 1542 offerimus.
1244 1515 1281 1542 ut
1304 1512 1364 1543 tibi
1387 1517 1482 1553 grata

274 1780 305 1807 ²5

273 2043 307 2069 30

272 2282 304 2308 35

466 1559 500 1586 et
524 1554 619 1585 nobis
646 1553 802 1585 salutaria
826 1553 924 1585 beate
953 1553 1127 1594 elysabeth
1158 1555 1212 1595 pia
1242 1555 1484 1596 supplicatione

335 1599 522 1630 reddantur.
569 1598 638 1629 Per.

754 1665 852 1705 (Post
864 1664 1067 1705 communio.)

410 1718 579 1751 Uesumus
601 1718 813 1758 omnipotens
834 1717 925 1748 deus.
941 1721 978 1748 ut
1000 1727 1084 1758 quos
1107 1718 1304 1749 salutaribus
1327 1719 1484 1760 dignatus

451 1772 487 1793 es
501 1762 631 1793 emdire
647 1761 807 1792 misteriis.
824 1760 922 1792 beate
936 1760 1111 1801 elysabeth
1127 1762 1318 1793 intercessio
1340 1762 1484 1803 gloriosa

335 1806 458 1838 reficiat
473 1805 650 1837 celestibus
665 1804 838 1836 alimentis
886 1804 955 1835 Per.

464 1893 522 1933 (IN
546 1898 691 1924 SANCTE
714 1897 861 1924 CECILIE
886 1897 1058 1923 UIRGINIS
1081 1897 1129 1923 ET
1152 1898 1340 1925 MARTIRIS.

826 1946 850 1978 I
846 1946 1011 1986 ntroitus.)

340 1999 545 2062 LOquebar
568 2000 607 2029 de
631 1997 808 2029 testimoniis
829 1998 888 2027 tuis
912 1998 943 2027 in
969 2004 1134 2036 conspectu
1155 2009 1258 2038 regum
1280 2006 1309 2031 et
1332 2011 1392 2031 non
1413 2012 1484 2033 con-

442 2040 598 2070 sundebar.
614 2045 644 2069 et
659 2038 826 2068 meditabor
840 2038 870 2067 in
885 2038 1036 2067 mandatis
1050 2039 1111 2068 tuis
1125 2049 1185 2077 que
1200 2041 1289 2071 dilexi
1304 2042 1400 2072 nimis.

334 2081 576 2161 (Vfsgssrgeati
605 2078 788 2110 immaculati
816 2078 847 2109 in
876 2080 925 2108 uia
952 2079 1005 2117 qui
1034 2079 1191 2110 ambulant
1214 2080 1244 2110 in
1270 2082 1336 2121 lege
1358 2082 1483 2115 domini.

830 2172 987 2214 (Oratio.)

340 2232 478 2296 DEus
491 2231 546 2271 qui
563 2240 624 2261 nos
640 2239 750 2260 annua
773 2229 869 2260 beate
892 2228 1005 2260 cecilie
1028 2229 1170 2260 martiris
1192 2234 1249 2262 tue
1272 2231 1484 2266 solemnitate

451 2274 598 2305 letificas.
614 2273 657 2304 da
674 2277 709 2304 ut
725 2282 826 2314 quarn
850 2281 1048 2303 ueneramur
1069 2272 1188 2304 officio.
1203 2275 1304 2306 etiam
1328 2276 1382 2316 pie
1406 2287 1482 2309 con-

334 2318 528 2350 uersationis
544 2326 723 2358 sequamur
737 2315 902 2356 exemplo.
950 2315 1019 2346 Per.

394 2369 585 2408 (Graduale.)
627 2367 721 2405 [Audi
739 2367 798 2396 filia
812 2372 841 2397 et
857 2366 937 2396 uide.
949 2373 980 2396 et
996 2367 1105 2397 inclina
1119 2377 1219 2398 aurem
1234 2374 1316 2399 tuam
1331 2368 1383 2410 [so.
1401 2373 1481 2408 1481).

334 2411 403 2449 quia
417 2409 595 2447 concupiuit
610 2418 660 2438 rex
675 2407 806 2446 speciem
822 2414 916 2437 tuam.
958 2407 1026 2446 (V.)
1048 2408 1155 2446 Specie
1169 2414 1221 2438 tua
1235 2416 1265 2440 et
1279 2411 1483 2449 pulcritudine
