1917 2900
554 369 604 394 ΙΝ
627 369 766 394 VIGILIA
789 370 842 394 NA
850 370 978 394 TJVITA
985 370 1042 395 TIS
1063 370 1214 395 DOMINI.
1433 377 1442 395 ι
1448 375 1462 402 5

624 452 702 493 (Ad
712 454 877 495 romanos)
894 453 1006 495 [Rom.
1023 453 1042 485 i.
1064 453 1146 495 1-6].

374 510 504 541 Ratres.
566 509 688 541 Paulus
724 519 839 541 seruus
876 510 945 541 iesu
984 509 1075 541 cristi
1106 515 1245 541 uocatus
1282 511 1461 551 apostolus.

416 557 613 594 segregatus
630 554 662 584 in
678 552 890 595 euangelium
907 553 960 584 dei
976 554 1067 594 quod
1083 558 1162 585 ante
1184 554 1382 595 promiserat
1404 564 1463 595 per

309 597 492 638 prophetas
508 606 585 627 suos
601 597 634 627 in
650 596 821 638 scripturis
836 597 959 628 sanctis
976 597 1018 628 de
1034 596 1102 628 filio
1117 607 1197 628 suo:
1215 597 1272 638 qui
1289 597 1396 629 factus
1411 602 1462 629 est

266 655 281 681 5
307 641 337 672 ei
360 651 406 671 ex
432 640 559 671 semine
580 640 691 671 dauid.
716 640 899 671 secundum
924 639 1100 677 carnnem†
1123 640 1189 682 Qui
1216 641 1462 682 predestinatus

307 689 358 715 est
376 683 462 715 filius
479 684 531 715 dei
546 684 578 714 in
595 684 716 715 uirtute
738 683 920 715 secundum
945 684 1096 725 spiritum
1120 683 1394 716 sanctificationis
1416 694 1461 716 ex

308 728 547 759 resurrectione
563 732 768 758 mortuorum
788 727 858 758 iesu
873 727 963 758 cristi
984 728 1111 759 domini
1128 728 1239 759 nostri.
1280 728 1340 759 Per
1360 738 1461 769 quem

306 771 500 812 accepimus
525 771 668 812 gratiam
699 775 733 802 et
757 770 981 811 apostolatum
1007 771 1049 802 ad
1075 770 1297 802 obediendum
1325 770 1403 803 fidei
1428 772 1461 803 in

307 815 466 847 omnibus
492 814 648 856 gentibus
673 824 734 855 pro
760 815 895 846 nomine
921 815 1000 846 eius.
1027 815 1059 846 in
1084 815 1205 855 quibus
1234 816 1314 846 estis
1341 821 1375 847 et
1401 826 1462 847 uos

252 872 282 890 ιο
310 859 421 890 uocati
439 859 509 889 iesu
524 858 637 889 christi
654 858 781 889 domini
798 858 909 890 nostri.

372 920 567 958 (Graduale.)
610 920 714 950 Hodie
727 920 827 950 scietis
841 921 913 958 quia
928 921 1029 949 ueniet
1044 920 1195 950 dominus.
1210 926 1240 950 et
1255 921 1383 951 saluabit
1397 931 1461 952 nos.

309 968 339 991 et
361 970 452 990 mane
466 961 609 990 uidebitis
627 961 750 999 gloriam
768 960 841 990 eius.
884 961 951 998 (ff.)
974 961 1035 998 Qui
1061 960 1138 999 regis
1155 962 1248 998 ysrael
1268 962 1392 992 intende
1410 964 1462 1001 qui

308 1002 437 1032 deducis
451 1002 535 1031 uelut
555 1011 644 1031 ouem
660 1002 773 1039 ioseph.
787 1001 839 1039 qui
854 1001 941 1031 sedes
955 1011 1044 1039 super
1058 1001 1223 1031 cherubim.
1238 1011 1347 1040 appare
1362 1012 1462 1032 coram

309 1043 433 1080 effraym
448 1042 601 1072 beniamin
624 1048 652 1071 et
668 1051 811 1071 manasse.
829 1042 957 1071 alleluia.
1000 1041 1068 1079 (V.)
1090 1042 1226 1071 Crastina
1247 1043 1297 1072 die
1316 1043 1466 1073 delebitur

254 1097 282 1122 ¹5
311 1083 453 1121 iniquius
467 1089 550 1112 terre.
567 1088 598 1112 et
612 1083 748 1121 regnabit
761 1092 852 1121 super
866 1092 921 1111 nos
935 1083 1066 1112 saluator
1080 1083 1194 1112 mundi.

383 1162 454 1194 Sed
466 1172 528 1192 non
543 1161 667 1192 dicitur
679 1161 810 1192 alleluia
826 1161 896 1192 nisi
907 1161 1028 1202 utgilia
1043 1161 1168 1192 uenerit
1181 1161 1216 1193 in
1227 1162 1397 1194 dominica.

544 1243 745 1283 (Secundum
761 1241 940 1283 matheum)
955 1242 1053 1283 [Mat.
1070 1242 1088 1273 i.
1110 1241 1236 1283 18—21].

313 1300 449 1366 CUm
477 1303 565 1330 esset
599 1299 802 1339 desponsata
831 1303 936 1329 mater
968 1299 1037 1329 iesu
1068 1298 1171 1329 maria
1202 1298 1338 1339 ioseph:
1370 1305 1466 1331 ante-

421 1345 537 1384 quam!
554 1343 771 1373 conuenirent
787 1342 923 1373 inuenta
938 1347 990 1373 est
1004 1342 1035 1372 in
1052 1346 1146 1373 utero
1161 1342 1288 1373 habens
1304 1343 1346 1374 de
1364 1342 1419 1384 [fo.
1435 1344 1464 1375 6.

256 1403 286 1421 κ
312 1387 430 1429 spiritu
461 1390 585 1417 sancto.
620 1385 741 1426 Ioseph
766 1390 878 1416 autem
905 1386 954 1416 uir
984 1386 1055 1417 eius
1082 1395 1157 1416 oum
1182 1391 1270 1416 esset
1296 1386 1401 1418 iustus
1431 1393 1465 1418 et

312 1431 417 1463 nollet
447 1440 521 1462 earn
549 1429 742 1461 traducere:
776 1429 880 1460 uoluit
906 1429 1034 1460 occulte
1059 1429 1227 1460 dimittere
1249 1439 1333 1461 earn.
1391 1430 1466 1463 Hec

313 1480 428 1506 autern
444 1484 485 1505 co
500 1474 679 1514 cogitante.
694 1483 771 1504 ecce
794 1472 932 1513 angelus
955 1473 1081 1504 domini
1106 1473 1138 1504 in
1162 1474 1287 1504 somnis
1310 1475 1465 1515 apparuit

314 1520 343 1550 ei
376 1519 499 1549 dicens.
549 1517 669 1557 Ioseph
701 1515 746 1547 fili
777 1516 888 1547 dauid.
912 1516 978 1547 noli
1006 1517 1122 1548 timere
1148 1517 1297 1558 accipere
1325 1518 1464 1549 mariam

312 1563 492 1603 coniugem
513 1566 612 1592 tuam.
630 1559 730 1601 Quod
747 1560 835 1590 enim
853 1560 884 1590 in
901 1570 941 1590 ca
957 1565 1073 1591 natum
1089 1565 1148 1591 est.
1164 1561 1206 1591 de
1221 1561 1338 1601 spiritu
1349 1566 1465 1593 sancto

258 1621 288 1647 ²5
313 1610 366 1637 est
392 1605 500 1636 Pariet
525 1609 636 1635 autem
663 1603 765 1635 filium
782 1609 815 1634 et
832 1603 968 1634 uocabis
993 1613 1114 1634 nornen
1131 1604 1202 1634 eius
1226 1604 1340 1635 iesum.
1388 1605 1466 1646 Ipse

314 1649 405 1681 enim
421 1648 551 1680 saluum
570 1647 666 1678 faciet
684 1646 842 1688 populum
859 1657 955 1678 suurn
972 1658 992 1678 a
1008 1647 1152 1688 peccatis
1168 1656 1290 1678 eorum.

374 1709 603 1748 (Offlrtorium.)
624 1708 734 1738 Tollite
749 1715 848 1747 portas
863 1709 1013 1746 principes
1029 1714 1142 1738 uestras
1156 1714 1185 1738 et
1206 1709 1366 1738 eleuamini
1382 1715 1466 1747 porte

312 1752 459 1782 eternales
472 1757 501 1780 et
517 1749 650 1779 introibit
664 1758 713 1778 rex
727 1750 829 1787 glorie.

801 1834 814 1874 (
818 1833 972 1873 Secreta.)

260 1909 290 1934 30
322 1892 423 1957 DA
456 1891 552 1922 nobis
575 1900 756 1931 quesumus
778 1890 992 1930 omnipotens
1017 1890 1100 1920 deus
1127 1894 1163 1920 ut
1188 1890 1272 1921 sicut
1297 1890 1468 1922 adoranda

434 1934 491 1966 filii
504 1935 552 1965 tui
566 1934 717 1965 natalitia
734 1934 963 1974 preuenimus:
986 1933 1031 1963 sic
1048 1933 1118 1964 eius
1140 1943 1275 1964 munera
1295 1934 1467 1975 capiamus

315 1979 521 2020 sempiterna
536 1978 729 2018 gaudentes
777 1977 844 2008 Per.

376 2040 588 2078 (Communia.)
630 2039 825 2069 Reuelabitur
844 2039 938 2078 gloria
960 2038 1074 2068 domini
1095 2044 1124 2068 et
1147 2039 1260 2068 uidebit
1282 2040 1381 2068 omnis
1399 2049 1469 2069 caro

316 2084 442 2113 salutare
457 2082 505 2112 dei
521 2082 624 2110 nostri.

742 2161 838 2201 (Post
851 2160 1052 2200 communio.)

262 2177 292 2203 33

326 2220 425 2284 DA
459 2218 553 2250 nobis
584 2227 766 2259 quesumus
795 2216 931 2247 domine
962 2216 1120 2256 unigeniti
1149 2215 1206 2247 filii
1234 2218 1281 2248 tui
1309 2218 1470 2248 recensita

436 2262 614 2294 natiuitate
631 2261 799 2301 respirare.
822 2260 915 2291 cuius
938 2260 1050 2290 celesti
1076 2260 1223 2290 misterio
1246 2261 1413 2300 pascimur
1437 2267 1471 2292 et

319 2312 480 2348 potamur.
529 2305 591 2336 Per
604 2304 757 2335 eundern.
