1917 2900
343 380 432 411 hux]
464 381 510 406 SS.
531 380 659 406 MARCI
670 381 727 406 ET
738 381 1024 407 MARCELLIANI:
1057 383 1103 407 SS.
1125 382 1311 413 GERVASII,
1328 382 1412 408 ETC.
1459 388 1510 415 339

419 464 475 505 (m
499 471 730 497 SANCTORUM
755 471 960 497 MARTIRUM
986 471 1103 496 MARCI
1127 471 1174 496 ET
1198 471 1435 497 MARCELIANI

846 520 1031 562 Introitus.)

357 575 602 647 SAlusbatssem
617 577 763 624 iustorum
774 586 793 607 a
804 577 929 607 domino
940 582 971 607 et
984 582 1139 615 protector
1148 586 1256 607 eorum
1267 583 1313 607 est
1325 578 1357 607 in
1369 582 1506 616 tempore

307 655 330 680 3
413 622 492 697 (PT)
506 623 739 688 ¹iqotllimizliiiulari
763 658 795 687 in
814 658 1053 697 malignantibus
1068 667 1169 697 neque
1190 659 1337 689 zelaueris
1358 659 1506 689 facientes

356 699 558 737 iniquitatem.
599 697 669 738 (ff.)
690 699 803 729 Gloria.

852 757 1008 799 (Oratio.)

363 814 519 879 PResta
555 825 736 856 quesumus
778 814 992 856 omnipotens
1028 816 1110 847 deus
1147 820 1183 847 ut
1221 815 1277 857 qui
1315 820 1505 848 sanctorum

458 859 630 890 martirum
649 863 781 890 tuorum
801 859 902 890 marci
922 863 957 890 et
978 859 1167 891 marceliani
1186 859 1337 891 natalitia
1357 859 1505 891 colimus.

297 903 331 920 ¹⁰
354 913 374 933 a
397 902 526 934 cunctis
551 902 647 933 malis
674 902 924 934 imminentibus
946 912 1061 933 eorum
1085 903 1375 935 intercessionibus
1390 903 1507 935 libere-

355 955 434 977 mur.
483 946 552 977 Per.

413 1000 606 1041 (Graduale.)
648 1002 802 1031 Iustorum
821 1002 923 1031 anime
947 1002 978 1030 in
1000 1011 1093 1031 manu
1115 1002 1164 1031 dei
1187 1006 1258 1031 sunt
1272 1007 1301 1032 et
1317 1011 1379 1032 non
1401 1007 1506 1041 tanget

355 1042 421 1071 illos
436 1047 621 1072 tormentum
636 1042 761 1072 malitie.
803 1041 871 1081 (V.)
894 1042 960 1072 Uisi
983 1047 1054 1071 sunt
1075 1042 1175 1072 oculis
1197 1043 1408 1081 insipientium
1430 1044 1504 1073 mori

354 1083 394 1112 illi
418 1088 522 1113 autem
545 1084 576 1112 in
601 1092 687 1121 pace.
709 1082 842 1112 alleluia.
883 1081 951 1122 (V.)
984 1083 1060 1112 Iusti
1084 1083 1257 1121 epulentur.
1279 1088 1310 1113 et
1323 1084 1460 1113 exultent
1474 1084 1506 1113 in

301 1130 329 1155 13
355 1128 526 1162 conspectu
541 1124 592 1153 dei
608 1121 665 1163 [et]
679 1123 870 1153 delectentur
884 1123 916 1152 in
931 1123 1035 1152 letitia.

414 1175 643 1215 (Offlrtorium.)
684 1177 796 1205 Anima
815 1181 917 1206 nostra
939 1177 1019 1206 sicut
1042 1185 1146 1215 passer
1159 1181 1265 1215 erepta
1279 1181 1325 1207 est
1339 1177 1379 1207 de
1394 1177 1506 1216 laqueo

356 1218 545 1247 uenantium.
562 1218 694 1255 laqueus
708 1217 858 1246 contritus
873 1222 919 1246 est
934 1222 966 1246 et
980 1226 1036 1246 nos
1051 1217 1170 1247 liberati
1186 1227 1300 1247 sumus.

845 1281 1015 1323 (Secreta.)

445 1335 559 1368 Unera
581 1334 641 1366 tibi
664 1334 801 1367 domine
823 1333 934 1366 dicata
956 1334 1135 1366 sanctifica.
1161 1339 1195 1366 et
1222 1334 1505 1367 intercedentibus

296 1375 331 1392 ²⁰
363 1374 381 1399 Α
487 1379 611 1410 sanctis
625 1378 691 1410 tuis
707 1377 896 1409 martiribus
912 1387 1025 1409 marco
1040 1383 1075 1409 et
1092 1377 1299 1410 marceliano.
1310 1388 1370 1420 per
1383 1379 1502 1411 eadem

355 1432 414 1453 uos
430 1422 582 1471 placatus
598 1421 740 1454 intende.
788 1421 857 1453 Per.

413 1477 624 1518 (Communia.)
665 1479 765 1507 Amen
785 1478 857 1507 dico
879 1477 967 1507 uobis
982 1478 1066 1516 quod
1082 1487 1137 1508 uos
1152 1479 1204 1516 qui
1220 1478 1385 1517 reliquistis
1399 1479 1502 1508 omnia

353 1525 381 1547 vt
403 1520 501 1549 secuti
526 1519 600 1549 estis
623 1528 672 1548 me
694 1519 871 1557 centuplum
896 1518 1056 1556 accipietis
1082 1524 1112 1548 et
1137 1520 1232 1549 uitam
1252 1524 1389 1549 eternam
1411 1520 1505 1558 possi-

353 1560 473 1590 debitis.

772 1612 868 1652 (Post
886 1611 1093 1653 communio.)

294 1622 328 1646 25

356 1669 554 1734 SAlutaris
570 1668 618 1700 tui
634 1668 770 1700 domine
793 1678 929 1699 munere
951 1668 1073 1699 satiati.
1088 1667 1255 1709 supplices
1270 1678 1450 1701 exoramus
1465 1674 1503 1702 ut

446 1723 588 1754 quorum
605 1712 746 1744 letamur
760 1716 859 1753 gustu
876 1721 1073 1743 renouemur
1087 1711 1215 1743 effectu.
1262 1712 1331 1744 Per.

404 1800 460 1840 (IN
485 1805 716 1831 SANCTORUM
741 1805 944 1830 MARTIRUM
969 1804 1155 1830 GERUASH.
1180 1804 1226 1829 ET
1250 1804 1422 1830 PROTASII

843 1854 1028 1895 Introitus.)

290 1919 326 1942 5>
359 1907 559 1970 LOquetur
572 1908 716 1937 dominus
731 1916 840 1945 pacem
855 1907 886 1936 in
902 1907 1024 1945 plebem
1039 1916 1126 1936 suam
1140 1911 1171 1935 et
1186 1915 1278 1944 super
1291 1911 1415 1937 sanctos
1430 1916 1503 1937 suos

457 1955 487 1979 et
502 1950 533 1978 in
548 1958 603 1978 eos
617 1948 670 1986 qui
685 1953 902 1977 conuertentur
914 1948 955 1977 ad
970 1948 1082 1985 ipsum.

410 1990 488 2028 (Ps.)
519 1989 705 2019 Benedixisti
729 1988 854 2017 domine
875 1993 984 2018 terram
1014 1994 1097 2017 tuam
1126 1987 1262 2017 auertisti
1291 1988 1502 2026 captiuitatem

351 2031 449 2060 iacob.
493 2029 561 2069 (ff.)
583 2030 687 2059 Gloria
702 2029 788 2067 patri.

850 2081 1005 2123 (Oratio.)

293 2154 327 2179 33
360 2141 497 2205 DEus
513 2140 568 2181 qui
586 2149 646 2170 nos
662 2148 772 2169 annua
794 2143 985 2170 sanctorum
1010 2138 1180 2170 martirum
1204 2142 1335 2170 tuorum
1359 2140 1501 2181 gemasii

469 2189 502 2215 et
526 2183 661 2224 protasii
685 2182 895 2213 solemnitate
918 2182 1064 2214 letificas.
1086 2181 1233 2212 concede
1257 2183 1440 2223 propitius:
1464 2189 1501 2216 ut

352 2237 491 2269 quorum
508 2227 693 2268 gaudemus
709 2225 834 2256 meritis
850 2226 1072 2257 accendamur
1086 2224 1260 2266 exemplis.
1307 2226 1377 2257 Per.

411 2282 604 2321 (Graduale.)
639 2282 797 2312 Gloriosus
812 2281 888 2311 deus
899 2282 929 2310 in
939 2282 1053 2311 sanctis
1068 2282 1131 2310 s‘uis
1144 2280 1289 2310 mirabilis
1300 2282 1330 2311 in
1343 2283 1501 2313 maiestate

353 2324 466 2353 faciens
483 2324 627 2362 prodigia.
664 2322 732 2361 (V.)
757 2322 886 2351 Dextera
898 2328 950 2351 tua
963 2323 1086 2351 domine
1100 2322 1266 2360 glorificata
1278 2328 1325 2352 est
1336 2323 1367 2352 in
1381 2324 1501 2353 uirtute.

293 2367 329 2389 ⁴⁰
352 2365 474 2394 dextera
494 2373 603 2393 manus
624 2369 692 2393 tue'
709 2363 855 2401 confregit
878 2363 1018 2392 inimicos
1042 2363 1174 2392 alleluia.
1218 2363 1285 2401 (ll.)
1309 2365 1456 2393 Letamini
1470 2365 1503 2394 in

352 2406 476 2435 domino
490 2411 519 2435 et
534 2404 663 2435 exultate
678 2402 757 2434 iusti.
771 2409 801 2432 et
810 2404 975 2442 gloriamini
991 2412 1096 2433 omnes
1110 2403 1180 2433 recti
1196 2404 1295 2434 corde.

1309 2451 1329 2476 Z
1352 2453 1372 2476 2
