1917 2900
474 378 506 395 xx

440 822 455 839 c
527 812 642 846 Augusti.

441 863 458 887 d
508 862 553 887 iiii.
622 865 664 887 no.

441 921 455 937 e
515 912 551 937 iii.
623 914 664 936 ηὖ.

441 962 453 986 f
523 961 549 986 ii.
626 963 667 985 ηδ.

440 1019 456 1043 g
491 1011 586 1036 Nonas.

440 1061 477 1090 (α)
504 1060 555 1084 viii.
603 1059 665 1084 idus.

442 1111 457 1135 b
514 1110 556 1134 vii.
604 1109 666 1134 idus.

439 1168 454 1184 c
520 1158 552 1183 vi.
602 1158 665 1182 idus.

439 1208 456 1233 d
523 1216 546 1232 v.
599 1207 661 1232 idus.

439 1266 452 1282 e
514 1256 559 1282 iiii.
602 1256 664 1281 idus.

439 1307 451 1331 s
519 1306 555 1331 iii.
600 1305 662 1331 idus.

438 1364 455 1389 g
528 1356 554 1380 ii.
601 1355 664 1380 idus.

439 1406 477 1435 (a)
507 1405 574 1430 Idus.

440 1456 456 1480 b
516 1455 565 1480 xix.
626 1455 661 1479 kl.

440 1514 453 1530 c
508 1505 576 1530 xviii.
629 1504 664 1529 kl.

439 1554 455 1579 d
517 1554 575 1579 xvii.
630 1554 665 1578 kl.

439 1613 453 1629 e
523 1603 571 1628 xvi.
630 1603 666 1628 kl.

437 1653 450 1678 s
526 1662 565 1678 xv.
629 1653 664 1677 kl.

439 1711 456 1736 g
516 1703 578 1728 xiiii.
630 1703 664 1727 kl.

440 1754 478 1783 (a)
522 1752 574 1777 xiii.
629 1752 664 1776 kl.

441 1803 458 1828 b
528 1802 569 1826 xii.
629 1802 665 1826 kl.

441 1860 455 1876 c
532 1851 565 1875 xi.
628 1850 663 1875 kl.

440 1901 457 1925 (1
541 1909 564 1924 x.
634 1900 668 1924 kl.

438 1959 452 1975 e
536 1950 569 1974 ix.
630 1949 665 1974 kl.

441 2000 452 2023 s
526 1999 579 2023 viii.
629 1999 664 2023 kl.

439 2057 456 2081 g
533 2048 575 2073 vii.
630 2048 665 2073 kl.

440 2099 477 2128 (ιι)
537 2098 570 2122 νί.
628 2097 662 2121 kl.

440 2147 457 2172 b
541 2155 564 2171 v.
627 2147 662 2171 kl.

440 2204 453 2221 c
535 2196 581 2221 iiii.
628 2196 662 2220 kl.

438 2245 455 2270 d
538 2245 574 2270 iii.
628 2245 662 2270 kl.

440 2302 454 2319 e
542 2294 568 2319 ii.
628 2294 663 2319 kl.

948 371 973 395 A
980 370 1155 396 UGUSYUS.

733 458 922 501 [Augustus
934 459 1023 500 apud
1042 459 1181 492 hebreos
1191 458 1310 491 dicitur
1321 458 1405 491 ebal.
1415 457 1505 500 apud
1521 458 1565 500 [p.
1577 458 1641 490 viii.

819 526 935 557 grecos
952 526 1009 547 ior.

733 580 829 613 Sexti
846 581 953 622 prima
969 580 1046 611 surit
1061 590 1082 611 a
1097 579 1163 612 fine
1178 580 1324 612 secunda
1339 580 1472 622 perurit.

733 645 908 687 Augustus
924 644 1025 676 habet
1040 645 1111 676 dics
1127 646 1224 677 xxxi.
1241 645 1318 677 luna
1336 655 1422 676 xxx.

735 710 814 742 Nox
830 710 932 742 habet
948 710 1045 742 horas
1062 721 1094 741 x.
1110 710 1181 741 dies
1196 720 1275 742 uero
1291 710 1372 742 xiiii.

700 810 787 837 Sancti
798 810 861 844 petri
873 810 905 836 ad
917 809 1025 835 uincula.
1039 814 1065 835 et
1075 815 1217 835 sanctorum
1229 810 1421 835 machabeorum
1439 808 1574 834 martirum.

700 861 787 887 Sancti
797 860 913 893 stephani
925 868 989 893 pape
1001 864 1026 885 et
1038 859 1152 885 martiris.

701 910 817 936 Inuentio
828 909 939 942 corporis
948 909 1029 935 sancti
1041 909 1156 941 stephani
1174 909 1382 941 prothomartiris.

703 959 789 986 Sancti
801 959 887 985 iustini
899 959 1030 992 presbiteri
1041 963 1065 983 et
1078 959 1194 984 martiris.

703 1009 789 1035 Sancti
800 1008 921 1034 dominici
932 1008 1079 1033 confessoris
1089 1008 1121 1034 de
1133 1008 1220 1033 ordine
1232 1008 1423 1040 predicatorum.

702 1058 789 1084 Sancti
799 1058 859 1083 sixti
870 1066 934 1091 pape
946 1061 971 1083 et
982 1058 1098 1083 martiris.
1112 1063 1137 1083 et
1148 1062 1290 1083 sanctorum
1302 1057 1438 1083 felicissimi
1449 1061 1475 1082 et
1485 1057 1588 1090 agapiti.

703 1108 789 1134 Sancti
800 1107 888 1132 donati
899 1107 1011 1140 episcopi
1023 1112 1048 1132 et
1059 1107 1175 1133 martiris.
1211 1108 1354 1133 Autumnus
1369 1107 1456 1132 oritur.

702 1157 851 1182 Sanctorum
862 1157 992 1182 martirum
1010 1157 1095 1182 ciriaci
1106 1157 1169 1189 largi
1180 1161 1205 1182 et
1216 1157 1349 1189 smaragdi.

698 1206 785 1232 Sancti
797 1200 893 1231 romani
910 1206 1026 1231 martiris.

701 1255 787 1281 Sancti
799 1255 914 1280 laurentii
926 1255 1042 1280 martiris.

699 1305 848 1330 Sanctorum
860 1305 989 1330 martirum
1001 1304 1098 1330 tiburtii
1109 1309 1134 1330 et
1145 1312 1234 1330 susane
1246 1304 1351 1337 uirginis
1362 1309 1388 1330 et
1396 1304 1511 1330 martiris.

701 1355 793 1380 Sancte
805 1355 870 1379 clare
882 1354 995 1387 uirginis.

701 1404 788 1430 Sancti
799 1404 889 1436 ypoliti
900 1408 925 1429 et
936 1404 1061 1429 sociorum
1072 1404 1126 1430 eius
1137 1405 1273 1430 martirum.

675 1454 830 1487 septembris.
866 1454 946 1479 sancti
957 1454 1053 1480 eusebii
1064 1455 1185 1487 presbteri
1197 1460 1222 1480 et
1233 1455 1390 1481 confessoris.
1538 1455 1642 1488 Uigilia.

700 1504 847 1536 Assumptio
859 1504 930 1529 beate
942 1504 1021 1529 marie
1032 1504 1144 1537 uirginis.

702 1553 789 1579 Sancti
801 1553 878 1578 rochi.

701 1603 800 1628 Octaua
811 1602 891 1628 sancti
901 1603 1025 1628 laurentii.

701 1652 794 1678 Sanci*
804 1652 899 1685 agapiti
911 1653 1027 1677 martiris.
1064 1653 1109 1678 Sol
1121 1653 1146 1678 in
1158 1652 1262 1686 uirgine.

701 1702 788 1728 Sancti
800 1702 909 1728 ludouici
921 1702 1033 1735 episcopi
1044 1706 1069 1728 et
1080 1702 1236 1728 confessoris.

701 1752 787 1777 Sancti
800 1752 915 1776 bernardi
926 1752 1034 1777 abbatis.

702 1801 789 1826 Sancti
800 1801 919 1826 anastasii
931 1801 1049 1826 martiris.

700 1850 848 1875 Sanctorum
861 1850 990 1875 martirum
1002 1850 1123 1882 tymothei
1135 1850 1224 1883 ypoliti
1236 1855 1260 1875 et
1273 1851 1452 1883 symphoriani.

705 1900 804 1932 Regnat
817 1900 842 1924 in
853 1905 974 1925 autumno
985 1900 1075 1925 festum
1083 1900 1214 1926 clementis
1224 1901 1344 1933 adusque.

702 1949 788 1974 Sancti
799 1950 963 1975 bartholomei
975 1950 1092 1983 apostoli.

700 1998 787 2024 Sancti
799 1999 899 2024 zeferini
912 2008 977 2032 pape
989 2006 1014 2025 et
1026 2000 1143 2025 martiris.

702 2048 788 2073 Sancti
799 2049 929 2073 alexandri
941 2049 1056 2075 martiris.

699 2097 786 2123 Sancti
798 2098 852 2123 ruffi
863 2099 979 2124 martiris.

699 2146 785 2172 Sancti
797 2148 923 2180 augustini
933 2148 1046 2181 episcopi
1058 2153 1082 2174 et
1094 2148 1250 2174 confessoris.
1265 2153 1290 2174 et
1301 2149 1382 2174 sancti
1394 2149 1513 2174 hermetis
1524 2149 1641 2174 martiris.

699 2196 832 2221 Decolatio
843 2197 923 2222 sancti
935 2197 1052 2223 iohannis
1063 2198 1179 2231 baptiste.
1194 2203 1219 2223 et
1233 2203 1318 2224 sancte
1331 2198 1418 2224 sabine
1430 2198 1543 2231 uirginis.

699 2245 849 2271 sanctorum
861 2247 990 2272 martirum
1003 2247 1083 2273 felicis
1094 2252 1118 2273 et
1131 2248 1240 2273 audacti.

699 2294 786 2320 Sancti
798 2295 894 2328 paulini
905 2296 1018 2329 episcopi
1030 2301 1055 2322 et
1066 2297 1221 2323 confessoris.

594 2367 741 2409 Cuspide
756 2369 864 2410 prima
879 2368 953 2402 ferit
969 2380 1071 2412 quam
1088 2371 1231 2412 septima
1247 2371 1384 2413 perdere
1398 2372 1514 2412 querit.
