1917 2900
311 668 325 694 5

296 913 327 931 10

291 1205 320 1231 ι5

293 1709 326 1735 25

295 2213 327 2239 ³3

351 387 425 412 PRO
446 388 498 413 PE
501 388 527 413 Τ
523 388 542 413 Ι
545 389 571 413 Τ
567 388 664 413 IONE
686 389 733 413 LA
738 389 948 415 CRJMARUM
954 397 963 413 :
990 390 1064 414 PRO
1074 389 1196 414 AMICO
1205 390 1328 414 PECCA
1334 390 1361 414 Τ
1358 390 1440 415 ORE.
1459 391 1509 420 469

843 473 1015 513 (Secreta.)

432 527 484 559 As
507 528 569 559 tibi
600 528 736 560 domine
764 528 934 560 offerimus
957 529 1144 560 oblationes
1174 539 1235 570 pro
1264 529 1371 561 salute
1393 535 1507 561 nostra

475 577 640 612 quatenus
665 572 795 603 animas
824 578 953 604 nostras
979 572 1024 603 ab
1046 573 1227 604 immundis
1249 574 1507 614 cogitationibus

350 624 479 655 purges.
504 615 715 656 illessasque†
739 616 915 647 custodias.
945 621 980 647 et
1010 617 1116 647 sancti
1141 617 1275 657 spiritus
1301 617 1409 658 gratia
1433 617 1506 649 illu-

350 658 477 689 minare
491 659 645 700 digneris.
693 659 754 690 Per
769 659 801 690 in
818 660 953 690 unitate.

771 727 868 767 (Post
880 728 1084 768 communio.)

357 782 496 847 DEus
519 783 576 824 qui
602 783 769 815 illuminas
792 793 927 815 omnem
954 784 1123 815 hominem
1146 784 1335 816 uenientem
1360 785 1393 816 in
1417 785 1505 817 hunc

468 827 637 858 mundum.
670 827 819 858 illumina
848 837 1030 868 quesumus
1052 827 1154 859 corda
1178 833 1291 859 nostra
1316 829 1423 870 gratie
1448 834 1507 860 tue

348 869 533 911 splendore.
564 876 601 901 ut
631 871 733 911 digne
763 871 928 902 maiestati
958 876 1016 902 tue
1046 872 1241 903 ministrare.
1265 877 1366 913 teque
1392 877 1506 904 eterna

349 913 486 945 caritate
500 914 639 955 diligere
654 913 833 946 ualeamus.
882 915 949 946 Per.

565 1007 609 1047 (M
614 1014 690 1038 ISSA
715 1014 786 1039 PRO
810 1014 988 1039 PETlTlON
993 1014 1015 1039 Ε
1038 1014 1204 1040 LACRIMA
1209 1015 1292 1040 RUM

865 1063 1005 1105 Oratio.)

350 1118 617 1184 OMnipotens
640 1125 674 1151 et
700 1120 873 1151 mitissime
895 1120 987 1152 deus.
1009 1121 1066 1170 qui
1087 1121 1213 1170 sitienti
1234 1120 1503 1170 populo-sontem

465 1168 608 1194 umentis
623 1173 709 1204 aque
731 1165 774 1195 de
797 1169 891 1204 petra
907 1164 1104 1204 produxisti.
1120 1165 1205 1195 educ
1220 1165 1264 1195 de
1277 1165 1387 1196 cordis
1401 1166 1504 1196 nostri

348 1206 477 1238 duritia.
504 1207 770 1248 compunctionis
795 1207 956 1238 lacrimas.
983 1212 1020 1238 ut
1045 1213 1181 1248 peccata
1207 1213 1320 1239 nostra
1347 1208 1505 1250 plangere

348 1249 528 1281 ualeamus.
555 1251 849 1291 remissionemque
874 1255 907 1281 te
934 1251 1112 1282 miserante
1133 1261 1320 1283 mereamur
1348 1253 1504 1293 accipere.

352 1293 421 1324 Per.

842 1350 854 1389 (
858 1350 1011 1390 Secreta.)

357 1405 510 1470 HAnc
546 1405 751 1437 oblationem
796 1416 978 1447 quesumus
1015 1407 1151 1438 domine
1188 1407 1270 1438 deus
1307 1417 1409 1448 quarn
1447 1413 1504 1440 tue

476 1449 641 1481 maiestati
671 1460 732 1491 pro
756 1451 900 1490 peccatis
924 1451 1046 1482 nostris
1075 1450 1252 1482 offerimus.
1277 1452 1403 1493 respice
1430 1462 1505 1493 pro-

350 1493 460 1533 pitius.
475 1497 509 1524 et
525 1494 651 1534 produc
673 1495 717 1525 de
738 1494 842 1524 oculis
863 1494 984 1525 nostris
1000 1494 1208 1525 lacrimarum
1225 1494 1370 1526 flumina.
1386 1495 1506 1536 quibus

351 1536 465 1567 debita
480 1536 688 1568 flammarum
705 1537 858 1568 incendia
873 1538 1008 1568 ualeant
1022 1538 1184 1579 extingui.
1232 1539 1299 1569 Per.

773 1605 867 1645 (Post
880 1605 1083 1646 communio.)

352 1661 554 1727 GRatiam
588 1661 725 1702 spiritus
760 1661 866 1692 sancti
903 1661 1039 1692 domine
1074 1661 1158 1692 deus
1193 1661 1348 1693 cordibus
1385 1662 1504 1693 nostris

462 1704 643 1736 clementer
687 1704 831 1735 infunde.
867 1714 933 1745 que
978 1714 1040 1736 nos
1076 1705 1257 1745 gemitibus
1294 1704 1503 1737 lacrimarum

350 1748 472 1780 efficiat
495 1748 643 1779 maculas
666 1753 853 1779 nostrorum
876 1747 1014 1779 dilluere
1036 1754 1257 1789 peccatorum.
1273 1754 1376 1789 atque
1389 1754 1506 1790 optate

351 1792 447 1823 nobis
478 1796 512 1822 te
541 1791 702 1832 largiente
737 1791 943 1832 indulgentie
978 1796 1127 1833 prestent
1159 1790 1324 1823 effectum.
1380 1792 1442 1823 Per
1471 1793 1504 1824 in

350 1836 487 1867 unitate.

626 1916 749 1955 (mssa
777 1922 847 1947 PRO
870 1922 991 1947 ,unco
1015 1921 1234 1947 PECCATORB

863 1971 1004 2012 Oratio.)

359 2028 498 2093 DEus
512 2029 569 2069 qui
587 2028 744 2059 iustificas
761 2028 898 2069 impium
913 2033 948 2059 et
964 2037 1030 2059 non
1054 2028 1106 2059 uis
1121 2032 1263 2058 mortem
1283 2032 1496 2068 peccatorum

471 2073 679 2104 maiestatem
704 2077 796 2103 tuam
824 2072 1019 2113 suppliciter
1041 2072 1266 2113 deprecamur.
1282 2076 1318 2102 ut
1344 2070 1504 2103 famulum

351 2121 444 2147 tuum
457 2116 500 2147 de
515 2121 573 2146 tua
588 2116 812 2147 misericordia
826 2115 1051 2147 confidentem
1073 2115 1188 2146 celesti
1211 2120 1368 2156 protegas
1391 2115 1505 2156 benig-

352 2169 414 2190 nus
440 2159 575 2190 auxilio.
601 2165 634 2190 et
661 2160 794 2190 assidua
819 2159 1026 2200 protectione
1049 2168 1217 2190 conserua.
1240 2163 1278 2189 ut
1302 2159 1362 2189 tibi
1386 2159 1507 2199 iugiter

351 2202 536 2234 famuletur.
551 2208 586 2234 ct
602 2203 700 2234 nullis
716 2202 993 2244 temptationibus
1010 2213 1030 2233 a
1045 2208 1078 2234 te
1093 2207 1273 2243 separetur.
1321 2201 1392 2233 Per.

845 2271 1013 2312 (Secreta.)

358 2322 425 2387 H
436 2322 520 2354 L'ius
536 2331 718 2363 quesumus
733 2322 868 2353 domine
883 2322 1006 2353 uirtute
1022 2321 1167 2353 misterii.
1181 2326 1215 2352 et
1237 2330 1258 2351 a
1274 2320 1421 2370 ’propriis
1444 2330 1506 2352 nos

477 2367 602 2397 munda
617 2365 757 2397 delictis.
772 2370 806 2396 et
825 2365 985 2396 famulum
1009 2371 1102 2397 tuum
1126 2365 1170 2396 ab
1191 2364 1347 2396 omnibus
1368 2364 1506 2395 absolue

351 2410 503 2450 peccatis.
551 2409 620 2440 Per.
