1917 2900
321 850 352 869 10

322 1062 351 1088 ¹⁵

321 1291 354 1310 20

321 1504 352 1530 25

323 1716 355 1742 30

322 1952 352 1978 35

321 2181 354 2205 40

424 2445 569 2471 ROMAN.

676 368 723 392 IN
738 368 808 392 FES
811 368 857 392 TO
876 368 1055 393 CORPORIS
1072 368 1231 393 CHRISTI.

636 444 746 486 Quem
762 444 795 476 in
808 454 901 476 sacre
916 455 1032 476 mensa
1047 454 1136 476 cene.

679 488 775 520 turbe
791 488 927 519 fratrum
944 488 1099 520 duodene

765 531 881 563 datum
897 542 964 563 non
980 532 1167 574 ambigitur.

637 574 689 607 Sit
705 575 777 606 laus
793 575 891 616 plena
906 576 950 607 sit
965 585 1093 607 sonora.

678 619 722 650 sit
738 619 881 650 iocunda
896 619 940 650 sit
955 619 1084 650 decora.

766 662 888 694 mentis
904 662 1062 694 iubilatio.

636 705 718 737 Dies
734 706 822 737 enim
838 706 996 737 solemnis
1011 706 1128 747 agitur.

678 749 711 780 in
727 759 794 790 qua
810 759 924 781 mense
939 749 1045 790 prime
1061 749 1221 781 recolitur.

767 793 864 825 huius
879 793 1052 825 institutio.

638 836 677 867 In
694 836 756 868 hac
773 846 888 868 mensa
903 837 981 868 noui
999 837 1084 878 regis

681 890 806 911 nouum
822 890 923 921 pasca
938 890 1025 911 noue
1041 880 1123 921 legis

768 924 888 965 phasse
904 928 1000 955 uetus
1012 924 1177 955 terminat.

639 966 852 999 Uetustatem
869 968 1011 999 nouitas.

680 1010 832 1042 umbram
849 1010 942 1051 sugat
958 1011 1080 1042 ueritas

767 1059 899 1086 noctem
916 1054 975 1086 lux
991 1053 1187 1091 elluminat†.

639 1096 740 1138 Quod
757 1097 790 1128 in
806 1108 888 1129 cena
903 1098 1044 1129 christus
1060 1098 1162 1139 gessit

683 1140 869 1172 faciendum
885 1141 948 1172 hoc
964 1141 1130 1182 expressit

768 1185 800 1216 in
817 1185 867 1216 sui
884 1185 1087 1216 memoriam.

639 1228 740 1260 Docti
756 1228 856 1260 sacris
873 1228 1033 1260 institutis

682 1281 804 1313 panem
820 1271 952 1308 uiuum†
966 1272 999 1303 in
1016 1271 1134 1303 salutis

769 1325 1001 1347 consecramus
1017 1315 1169 1347 hostiam.

639 1359 775 1399 Dogma
790 1358 889 1391 datur
904 1359 1099 1391 christianis.

682 1402 773 1443 quod
790 1402 821 1433 in
839 1412 971 1434 carnem
987 1402 1107 1434 transit
1123 1402 1218 1443 panis

767 1451 801 1478 et
812 1446 927 1478 uinum
945 1446 977 1477 in
994 1446 1190 1488 sanguinem

640 1488 741 1530 Quod
757 1499 824 1521 non
841 1490 933 1531 capis
948 1490 1039 1531 quod
1056 1500 1123 1521 non
1139 1490 1241 1521 uides.

683 1533 833 1564 animosa
849 1532 958 1565 firmat
975 1532 1066 1564 fides.

770 1581 880 1617 preter
895 1586 1003 1608 rerum
1015 1576 1174 1608 ordinem.

641 1624 713 1657 Sub
728 1625 867 1657 diuersis
882 1626 1056 1668 speciebus

684 1669 788 1710 signis
802 1674 934 1701 tantum
949 1674 984 1701 et
1000 1679 1066 1701 non
1083 1669 1188 1701 rebus.

770 1713 874 1745 latent
890 1723 941 1745 res
956 1712 1089 1745 eximie.

640 1760 727 1794 Caro
742 1762 836 1794 cibus
852 1763 987 1804 sanguis
1002 1767 1111 1803 potus.

684 1810 797 1837 manet
811 1810 925 1837 tamen
941 1806 1083 1837 christus
1098 1810 1189 1837 totus

770 1849 832 1881 sub
847 1854 988 1891 utraque
1002 1849 1121 1891 specie.

641 1898 880 1930 Assummente
896 1909 962 1930 non
978 1899 1137 1930 concisus.

684 1952 750 1973 non
766 1942 953 1974 confractus
969 1952 1029 1974 nec
1044 1942 1171 1974 diuisus

770 1985 897 2027 integer
912 1986 1081 2027 accipitur.

641 2034 751 2066 Sumit
766 2045 851 2066 unus
866 2040 1003 2067 sumunt
1019 2035 1117 2066 mille.

683 2083 847 2120 quantum
865 2079 917 2111 isti
934 2084 1065 2111 tantum
1082 2078 1137 2110 ine

771 2132 831 2154 nec
846 2127 1000 2164 sumptus
1015 2122 1228 2154 consumitur.

640 2170 784 2203 Sumunt
800 2172 878 2203 boni
894 2176 1030 2204 sumunt
1046 2172 1124 2203 mali

682 2220 770 2247 sorte
784 2220 897 2247 tamen
914 2215 1078 2257 inequali:

769 2259 837 2290 uite
852 2259 905 2291 uel
922 2259 1083 2290 interitus.

642 2309 734 2341 Mors
749 2316 799 2342 est
815 2311 911 2342 malis
927 2311 997 2343 uita
1012 2311 1107 2343 bonis

684 2354 761 2385 uide
777 2355 864 2396 paris
880 2354 1079 2395 sumptionis

769 2407 871 2439 quam
887 2398 930 2429 sit
945 2398 1059 2439 dispar
1072 2397 1194 2429 exitus.

1482 372 1530 399 257
