1917 2900
318 380 400 410 ΗΑΒ]
443 381 469 404 S.
497 379 627 404 IOHAN.
658 381 691 404 A.
719 379 824 404 PORT.
854 378 936 403 JAT.
973 379 1018 404 SS.
1048 378 1241 409 GORDIANJ‚
1267 379 1350 404 ETC.
1420 384 1464 410 331

402 469 444 494 IN
467 469 697 495 SANCTORUM
722 469 925 494 MARTIRUM
953 469 1185 494 ALEXANDRI.
1208 468 1377 494 EUENTH.

596 512 792 538 THEODORI
816 512 942 544 ATQUE
967 513 1182 538 IUUENALIS.

431 581 472 606 IN
496 581 630 607 SANCTI
655 581 841 606 IOHANNIS
864 581 966 606 ANTE
991 581 1141 606 PORTAM
1166 580 1348 606 LATINAM.

791 630 989 672 (Introitus.)

272 684 287 709 Ξ
321 679 525 742 PRotexisti
540 690 590 710 me
603 681 688 711 deus.
730 680 858 718 Require
871 681 903 709 in
918 681 1064 710 communi
1079 681 1167 710 unius
1179 680 1275 710 sancti
1285 681 1364 709 inter
1372 685 1463 717 pasca

416 726 446 751 et
449 725 637 759 pentecosten.
681 719 724 761 [p.
739 719 825 761 417·]

812 786 968 828 (Oratio.)

323 838 461 902 DEus
476 837 533 878 qui
549 837 713 879 conspicis
736 837 815 878 quia
837 847 898 868 nos
921 837 1068 878 undique
1091 837 1180 869 mala
1202 841 1317 868 nostra
1339 840 1464 886 pei-tur:

433 881 522 913 bant.
539 886 651 922 presta
673 890 875 922 quesumus:
899 885 935 912 ut
959 881 1048 912 beati
1073 881 1225 912 iohannis
1249 879 1393 922 apostoli
1416 885 1464 911 tui

254 937 288 954 ιο
314 925 506 956 intercessio
520 924 665 965 gloriosa
683 934 743 956 nos
759 929 921 966 protegat.
970 924 1037 956 Per.

817 1003 834 1024 e
853 993 955 1024 istola.

365 1043 503 1075 Tabunt
532 1043 617 1075 iusti.
640 1043 782 1084 Require
804 993 854 1074 (ίέ
869 996 1033 1074 τουιηίιιηί
1057 1042 1234 1074 martirum
1256 1047 1333 1083 post
1353 1047 1462 1083 pasca.

408 1086 454 1128 [p-
469 1085 558 1129 418·]

772 1136 1014 1177 (euangelium.)

256 1196 287 1221 ¹5
318 1186 516 1251 ACcessit
531 1187 574 1218 ad
599 1187 704 1218 iesum
729 1191 835 1218 mater
858 1185 999 1217 filiorum
1024 1186 1168 1217 zebedei.
1213 1185 1356 1226 Require
1370 1185 1462 1225 infra

431 1230 466 1261 in
473 1231 559 1270 fhsto
573 1230 680 1261 sancti
693 1229 798 1261 iacobi
810 1229 952 1261 maioris.
998 1228 1044 1270 [p.
1062 1229 1147 1270 356]

804 1285 973 1327 (Secreta.)

321 1335 394 1400 M
406 1335 573 1368 Uneribus
589 1336 717 1367 nostris.
733 1345 914 1377 quesumus
936 1335 1072 1367 domine
1094 1335 1314 1377 precibusque
1328 1344 1460 1375 suscep—

446 1379 497 1411 tis.
522 1384 555 1410 et
586 1379 763 1411 celestibus
789 1389 851 1410 nos
874 1380 1001 1410 munda
1024 1379 1187 1410 misteriis.
1217 1384 1251 1409 et
1281 1378 1462 1410 clementer

252 1435 288 1454 20
313 1423 446 1455 exaudi.
492 1423 560 1454 Per.

377 1466 554 1507 Preplzatio
568 1466 608 1498 de
622 1466 773 1507 apostolis
787 1466 842 1498 uel
852 1466 891 1497 de
897 1471 1006 1506 pasca.

724 1528 737 1569 (
747 1528 829 1559 Post
840 1528 1043 1568 communio.)

322 1577 495 1642 REfecti
511 1578 659 1652 dominc}
663 1587 750 1619 pane
764 1578 886 1609 celesti.
902 1578 944 1609 ad
962 1578 1065 1609 uitam
1082 1587 1263 1618 quesumus
1278 1577 1464 1609 nutriamur

429 1626 588 1653 eternam.
661 1632 704 1652 er.

248 1809 283 1834 ²5
376 1792 418 1824 In
434 1792 631 1833 inuentione!
645 1793 753 1824 sancti
765 1792 930 1824 michaelis
946 1793 995 1833 fit
1014 1792 1150 1833 officium
1166 1793 1250 1824 sicut
1263 1793 1299 1824 in
1317 1792 1376 1834 [so.
1395 1800 1463 1832 127.

309 1836 668 1911 Zedzklaxtlilotffefiusdem.
684 1841 805 1876 excepto
819 1836 907 1876 quod
911 1836 1119 1877 pretermisso
1128 1836 1292 1877 graduali
1309 1836 1465 1867 dz'cuntur

333 1891 380 1911 uo.
457 1889 475 1911 e
489 1889 552 1911 uia.

364 1970 420 2010 (ΙΝ
445 1975 675 2001 SANCTORUM
702 1975 906 2001 MARTIRUM
931 1976 1119 2001 GORDIANI
1144 1976 1192 2001 ET
1215 1976 1408 2001 EPYMACffl

794 2024 836 2056 In
839 2025 978 2066 troitus.)

248 2087 283 2112 3⁰
315 2076 531 2147 SAncltiltui
562 2077 687 2107 domine
718 2077 904 2107 benedicent
933 2084 963 2107 te
990 2078 1117 2116 gloriam
1152 2077 1236 2117 regni
1265 2078 1310 2107 tui
1345 2077 1460 2108 dicent.

371 2127 622 2197 (135.)e1¹{l‹²{1tabo
637 2164 667 2188 te
682 2159 759 2188 deus
780 2168 867 2188 meus
889 2169 948 2188 rex.
965 2164 995 2188 et
1018 2158 1197 2188 benedicam
1219 2159 1335 2189 nomini
1358 2164 1412 2189 tuo
1428 2161 1458 2189 in

310 2200 450 2229 seculum
465 2205 494 2229 et
510 2200 539 2228 in
555 2200 697 2229 seculum
712 2200 819 2229 seculi.
861 2199 929 2238 (ff.)
951 2200 1064 2229 Gloria.

808 2262 821 2301 (
826 2261 963 2301 Oratio.)

249 2330 282 2355 35
316 2312 417 2377 DA
434 2322 614 2354 quesumus
630 2313 842 2354 omnipotens
853 2313 954 2344 deus:
979 2313 1082 2354 utqui
1098 2313 1271 2345 beatorum
1288 2313 1459 2345 martirum

427 2360 560 2388 tuorum
592 2356 745 2397 gordiani
775 2362 877 2398 atque
908 2357 1074 2397 epimachi
1112 2357 1275 2388 solemnia
1311 2357 1460 2389 colimus.

308 2409 422 2431 eorum
440 2400 528 2440 apud
545 2405 579 2431 te
596 2400 885 2431 intercessionibus
902 2401 1104 2431 adiuuemur.
1152 2400 1220 2432 Per.
