1917 2900
514 605 727 648 [INCIPIT
746 606 880 639 ORDO
900 606 1142 640 MISSALIS
1165 608 1449 642 SECUNDUM
1462 609 1519 650 [so.
1540 618 1565 641 1.

565 661 1003 695 CONSUETUDINEM
1022 664 1239 696 ROMANE
1262 664 1418 698 CURIE.

584 731 831 765 DOMJNICA
857 732 1019 764 PRIMA
1046 732 1115 764 DE
1136 733 1393 766 ADUENTU.

656 804 767 837 Statio
781 804 829 836 ad
838 810 984 837 sanctam
1001 806 1143 838 mariam
1159 806 1322 839 maiorem.

360 881 377 907 5
903 871 1074 903 Introitus.

474 927 504 956 D
519 934 549 956 te
563 927 662 956 leuaui
677 927 808 956 animam
824 936 922 957 meam
937 927 1013 956 deus
1027 936 1111 957 meus
1126 928 1156 957 in
1172 933 1201 957 te
1215 928 1337 958 confido
1360 937 1421 958 non
1441 929 1560 959 erubes-

406 978 422 988 ι
512 977 590 996 mm.
606 976 707 1005 neque
721 967 861 996 irrideant
882 977 931 997 me
952 968 1064 997 inimici
1079 967 1149 998 mei.
1163 974 1194 998 et
1207 968 1289 998 enim
1304 968 1436 998 uniuersi
1455 969 1507 1008 qui
1528 975 1560 1000 te

403 1014 568 1046 expectant
584 1017 645 1037 non
660 1008 893 1038 confundentur.

467 1049 519 1078 ps.
543 1049 618 1079 Uias
638 1054 704 1077 tuas
725 1048 849 1078 domine
869 1049 1040 1079 demonstra
1065 1049 1166 1078 michi.
1182 1055 1212 1079 et
1226 1050 1348 1079 semitas
1370 1056 1437 1080 tuas
1460 1050 1558 1081 edoce

351 1099 383 1117 ΞΟ
407 1099 469 1119 me.

473 1143 633 1184 Sequitur
660 1143 853 1174 immediate.
907 1143 1010 1172 Gloria
1042 1143 1116 1181 patri
1152 1143 1223 1183 Quo
1253 1143 1357 1184 finito
1395 1145 1557 1185 repetitur.

405 1186 570 1218 Introitus
584 1186 633 1215 Ad
648 1192 677 1216 te
692 1185 792 1216 leuaui
805 1187 937 1216 animam
953 1195 1061 1216 meam.

471 1243 519 1274 Et
533 1243 592 1273 iste
607 1243 720 1274 modus
731 1242 893 1283 repetendi
901 1242 1072 1274 introitum
1083 1247 1238 1274 seruatur
1237 1248 1301 1284 per
1310 1248 1413 1275 totum
1422 1255 1554 1276 annum.

403 1297 477 1317 cum
513 1286 637 1317 dicitur
670 1286 775 1327 gioria
816 1286 901 1327 patri
932 1291 1008 1327 post
1043 1286 1215 1317 introitum
1250 1287 1351 1318 etiam
1389 1288 1425 1319 in
1456 1288 1559 1328 fistis

351 1337 379 1362 ¹3
405 1329 594 1370 duplicibus.

912 1393 1036 1425 Oratio.

410 1451 577 1516 EXcita
599 1451 735 1482 domine
762 1461 941 1492 quesumus
966 1451 1150 1491 potentiam
1166 1455 1260 1482 tuam
1282 1456 1316 1482 et
1337 1452 1413 1483 ueni
1448 1457 1483 1483 ut
1510 1452 1556 1484 ab

518 1494 768 1526 imminentibus
784 1498 995 1535 peccatorum
1013 1498 1198 1525 nostrorum
1209 1495 1362 1536 periculis
1378 1500 1411 1526 te
1429 1505 1553 1527 merea-

404 1548 478 1570 mur
493 1543 692 1580 protegente
706 1538 796 1578 eripi.
813 1542 847 1568 te
864 1537 1026 1568 liberante
1040 1537 1170 1568 saluari.
1215 1537 1282 1579 Qui
1299 1539 1392 1570 uiuis.

351 1590 382 1608 Ξ)
467 1582 509 1613 ab
521 1582 584 1613 hac
596 1582 649 1612 die
663 1591 762 1621 usque
776 1581 825 1611 ad
835 1581 988 1621 uigiliam
1005 1580 1195 1612 natiuilalis
1207 1581 1336 1613 domini
1342 1587 1417 1621 post
1433 1583 1553 1614 oratio—

404 1636 475 1657 nem
500 1625 571 1657 diei
591 1625 714 1656 dicitur
731 1625 835 1655 oratio
859 1623 899 1655 de
919 1629 1032 1655 sancta
1055 1624 1172 1655 maria.
1188 1624 1306 1656 scilicet
1322 1625 1414 1656 Deus
1429 1626 1485 1667 qui
1509 1626 1552 1658 de

403 1669 501 1701 beate
519 1669 629 1700 marie.

467 1712 566 1752 Irgf'ra
587 1711 796 1743 ebdomadam
820 1711 854 1742 si
864 1711 975 1750 fucrit
990 1711 1123 1750 fistum.
1144 1711 1259 1751 prima
1281 1712 1386 1743 oratio
1411 1712 1450 1744 de
1465 1713 1555 1752 festo

402 1756 539 1787 secunda
554 1755 594 1787 de
607 1755 776 1786 dominica.
792 1755 891 1785 tertia
905 1754 945 1785 de
955 1759 1068 1786 sancta
1083 1755 1200 1786 maria.

606 1827 754 1868 Epistola
768 1828 817 1859 ad
828 1838 977 1859 romanos
991 1827 1105 1869 [Rom.
1122 1828 1189 1859 xiii.
1210 1828 1335 1869 11-14].

353 1841 380 1859 2³

411 1885 599 1950 FRatres.
614 1885 755 1915 scientes
770 1884 849 1925 quia
865 1883 947 1914 hora
962 1887 1013 1915 est
1036 1884 1102 1915 iam
1120 1893 1179 1914 nos
1201 1883 1245 1915 de
1267 1893 1387 1915 somno
1409 1894 1551 1926 surgere.

513 1928 611 1960 Nunc
625 1932 737 1959 autern
756 1927 889 1968 propior
903 1932 954 1958 est
971 1931 1083 1958 nostra
1098 1927 1186 1958 salus
1201 1937 1303 1968 quam
1319 1938 1394 1959 cum
1411 1929 1551 1960 credidi-

404 1983 483 2004 mus.
513 1971 593 2003 Nox
617 1971 782 2013 precessit.
805 1971 876 2001 dies
901 1976 1014 2001 autem
1044 1970 1309 2012 apropinquauit.
1356 1970 1553 2003 Abiciamus

402 2026 481 2057 ergo
496 2025 599 2056 opera
612 2014 831 2046 tenebrarum.
846 2018 880 2045 et
897 2014 1072 2045 induamur
1094 2024 1187 2045 arma
1210 2014 1309 2045 lucis:
1332 2015 1379 2046 sic
1396 2020 1432 2046 ut
1448 2015 1480 2046 in
1496 2016 1551 2047 die

353 2062 381 2087 δ”
403 2059 541 2091 honeste
556 2058 773 2090 ambulemus.
821 2057 896 2089 Non
915 2058 946 2089 in
963 2057 1259 2089 comessationibus
1275 2062 1310 2089 et
1325 2058 1550 2091 ebrietatibus.

405 2103 479 2135 Non
512 2104 544 2133 in
574 2102 738 2133 cubilibus
768 2106 802 2133 et
832 2101 1052 2141 impudicitiis.
1101 2101 1177 2132 Non
1212 2102 1244 2132 in
1278 2103 1493 2133 contentione
1515 2109 1550 2134 et

402 2147 611 2178 emulatione.
678 2145 745 2177 Sed
796 2145 969 2175 induimini
1007 2144 1179 2176 dominum
1215 2152 1362 2176 nostrum
1409 2146 1549 2185 yhesurn

401 2190 567 2221 christum.

461 2244 652 2282 (Graduale.)
688 2244 828 2275 Uniuersi
839 2244 891 2282 qui
902 2250 932 2273 te
940 2249 1100 2282 expectant
1112 2253 1172 2273 non
1181 2244 1408 2274 confundentur
1417 2245 1549 2276 domine.

354 2290 380 2316 33
403 2287 468 2317 (Γ.)
491 2287 565 2316 Uias
580 2293 646 2314 tuas
667 2284 790 2314 domine
812 2290 898 2314 notas
920 2284 966 2313 sac
988 2284 1088 2313 michi.
1104 2291 1134 2314 et
1149 2284 1272 2314 semitas
1293 2291 1360 2314 tuas
1381 2285 1477 2316 edoce
1499 2296 1548 2315 me

401 2328 523 2356 alleluia.
567 2326 637 2364 (ff.)
658 2325 795 2356 Ostende
809 2324 895 2354 nobis
907 2325 1030 2354 domine
1041 2324 1277 2354 misericordiam
1288 2331 1371 2355 tuam
1381 2332 1411 2355 et
1421 2327 1550 2357 salutare

404 2376 483 2397 tuum
499 2368 536 2396 da
552 2366 648 2396 nobis.

446 2414 589 2439 ROMAN.
1396 2414 1416 2437 Β
