1917 2900
724 357 772 382 IN
789 357 962 382 SABBATO
981 357 1136 382 SANCTO.
1462 362 1509 388 193

362 433 465 499 UT
480 433 654 465 ecclesiam
677 439 768 465 tuam
785 438 935 465 sanctam
957 443 1070 476 regere
1084 439 1118 466 et
1141 443 1337 465 conseruare
1359 434 1505 475 digneris

528 488 543 508 Γ
603 487 657 508 am
683 488 706 508 S.

361 520 465 586 UT
478 477 650 553 t{offiium
660 477 892 562 uagostolicum
915 525 949 552 et
971 530 1088 552 omnes
1109 520 1350 552 ecclesiasticos
1371 521 1506 553 ordines

477 565 510 596 in
526 569 643 596 sancta
658 564 816 605 religione
830 574 1027 596 conseruare
1042 564 1187 605 digneris
1204 569 1237 596 te
1252 564 1445 606 r[ogamus.]

313 624 328 650 5
360 607 464 673 UT
480 617 541 639 nos
557 608 718 648 metipsos
736 608 768 639 in
792 613 851 639 tuo
873 613 989 639 sancto
1012 608 1147 639 seruitio
1169 608 1354 639 confortare
1376 613 1410 640 et
1425 618 1503 640 con—

475 661 607 682 seruare
621 652 767 692 digneris
781 656 816 683 te
831 651 1024 693 ro[gamus.]

360 694 463 759 UT
479 695 635 726 omnibus
657 694 923 727 benefactoribus
939 695 1061 726 nostris
1075 695 1278 736 sempiterna
1300 694 1389 727 bona
1410 695 1502 727 retri-

476 737 559 769 buas
573 743 608 770 te
624 737 810 780 r0[gamus]

360 780 426 846 U
435 781 464 813 T
480 780 605 813 fructus
621 787 706 814 terre
721 782 801 813 dare
815 787 850 814 et
864 792 1060 813 conseruare
1074 782 1221 824 digneris
1235 786 1270 813 te
1284 780 1479 826 ro[gamuS.]

299 885 331 903 ιο
361 868 464 934 UT
487 869 642 901 omnibus
665 868 817 901 fidelibus
840 869 1006 901 defunctis
1029 869 1175 910 requiem
1199 873 1347 901 eternam
1374 870 1502 902 donare

477 912 623 953 digneris
638 918 671 944 te
688 912 871 954 ro[gamus]

362 955 465 1021 UT
482 966 542 987 nos
557 956 717 988 exaudire
733 956 878 997 digneris
893 961 927 988 te
942 955 1126 997 [rogamus]

358 1042 523 1107 AGnus
539 1043 593 1075 dei
608 1043 664 1084 qui
681 1043 769 1074 tollis
786 1048 923 1084 peccata
938 1043 1053 1075 mundi
1069 1053 1167 1084 parce
1182 1043 1277 1075 nobis
1292 1043 1436 1075 dominc.

359 1130 523 1194 AGnus
538 1130 591 1162 dei
608 1130 665 1171 qui
680 1130 767 1161 tollis
783 1135 921 1171 peccata
937 1130 1051 1161 mundi
1067 1130 1191 1161 exaudi
1207 1140 1268 1161 nos
1282 1130 1428 1162 domine.

300 1232 330 1258 ¹5
359 1217 523 1281 AGnus
539 1218 592 1249 dei
609 1218 665 1258 qui
682 1216 771 1248 tollis
787 1222 923 1258 peccata
936 1217 1051 1248 mundi
1068 1216 1221 1248 miserere
1237 1217 1340 1249 nobis.

733 1303 799 1344 (lu'c
808 1303 994 1335 solemniter
1005 1305 1172 1344 cantatur)

360 1347 539 1413 CHriste
553 1347 631 1379 audi
649 1357 717 1379 nos.

360 1434 539 1501 CHriste
554 1434 678 1466 exaudi
696 1444 764 1466 nos.

365 1522 428 1587 K
437 1521 627 1562 Irieleyson.

300 1611 334 1630 ²0
361 1608 666 1674 CHi-isteleyson.

366 1696 428 1760 K
436 1696 613 1727 lrieleison.

425 1794 496 1834 Quo
510 1795 629 1836 incepto
643 1794 787 1826 sacerdos
801 1794 840 1825 de
853 1794 1008 1825 uestiario
1018 1804 1090 1825 cum
1102 1794 1265 1825 ministris
1276 1793 1408 1826 rediens.
1416 1793 1509 1835 facit

357 1839 582 1879 confi’ssionem
597 1838 737 1869 debitam
762 1838 797 1869 in
820 1838 884 1869 loco
897 1842 1047 1869 consueto.
1062 1843 1094 1869 et
1115 1837 1285 1869 ascendens
1300 1838 1507 1878 postmodum

358 1882 406 1913 ad
416 1882 636 1923 altarefinito.
658 1881 864 1923 kirieleyson.
885 1881 1031 1912 sacerdos
1053 1881 1165 1922 incipit
1185 1880 1375 1912 solemniter.
1391 1881 1507 1913 Gloria

301 1937 333 1963 25
360 1926 392 1957 in
423 1926 565 1957 excelsis
595 1925 667 1956 deo.
692 1930 723 1956 et
752 1930 908 1965 campana
933 1924 1092 1965 pulsatur
1109 1924 1211 1965 finito
1241 1924 1356 1957 Gloria
1382 1925 1414 1956 in
1445 1934 1506 1956 ex-

359 1969 468 2011 celsisj‘
484 1969 556 2001 deo.
571 1969 651 2000 dicit
668 1968 833 2000 Dominus
853 1968 1034 1999 uobiscum.
1383 1967 1438 2009 [so.
1454 1975 1505 2009 75.

855 2061 867 2102 (
872 2061 1009 2102 Oratio.)

366 2127 504 2191 DEus
535 2126 591 2167 qui
630 2125 715 2156 hanc
750 2124 1006 2156 sacratissimam
1040 2129 1180 2155 noctem.
1204 2124 1310 2166 gloria
1339 2124 1506 2157 dominice

476 2170 723 2201 resurrectionis
747 2168 911 2200 illustras:
942 2177 1103 2198 conserua
1129 2168 1161 2198 in
1187 2177 1274 2199 noua
1302 2167 1423 2200 familie
1448 2173 1507 2201 tue

301 2232 334 2258 30
359 2214 516 2255 progenie
546 2213 737 2254 adoptionis
767 2212 917 2252 spiritum
945 2221 1045 2252 quem
1077 2210 1199 2242 dedisti
1236 2217 1272 2243 ut
1303 2221 1441 2253 corpore
1470 2217 1504 2244 et

359 2263 471 2288 mente
510 2256 668 2287 renouati.
708 2265 823 2297 puram
855 2255 914 2286 tibi
953 2254 1135 2286 exhibeant
1175 2255 1381 2287 seruitutem.
1442 2256 1504 2288 Per

358 2301 510 2332 eundem,

704 2355 758 2386 laec
771 2355 882 2386 oratio.
898 2359 1028 2385 tantum
1043 2353 1167 2385 dicitur

402 2432 546 2458 ROMAN.
