1917 2900
254 881 288 899 10

257 1139 287 1165 ι5

255 1454 291 1472 20

262 1701 295 1727 ²5

258 1935 295 1960 30

258 2193 293 2220 35

308 369 404 400 san]
675 370 702 393 S.
729 369 912 394 GORGONH
935 369 1139 395 MARTrms.
1414 376 1463 401 379

310 451 473 492 creatorem
504 446 610 476 mundi
638 445 767 484 genuisti
796 446 847 483 qui
871 451 901 475 te
924 445 1002 475 fecit.
1026 451 1055 476 et
1084 447 1115 475 in
1143 452 1278 476 eternum
1306 455 1464 491 permanes

310 496 403 525 uirgo.

371 539 482 578 (Aliud
499 538 702 577 offirton'um.)
743 540 810 568 Aue
834 539 927 568 maria
953 541 1048 577 gratia
1074 540 1164 578 plena
1185 541 1328 571 dominus
1353 546 1463 570 tecum.

312 580 471 610 benedicta
486 585 518 609 tu
534 581 564 609 in
580 580 754 609 mulieribus
768 585 798 609 et
812 579 991 609 benedictus
1006 580 1118 610 fructus
1132 582 1244 611 uentris
1257 583 1310 612 tui.

802 645 970 687 (Secreta.)

320 701 541 767 UNigeniti
567 702 614 733 tui
641 702 779 733 domine
807 702 903 733 nobis
923 708 1095 734 succurrat
1108 701 1320 735 (humanitas.
1345 708 1383 735 ut
1406 703 1463 744 qui

436 750 533 777 natus
555 746 599 776 de
622 746 748 786 uirgine
772 745 888 777 matris
911 746 1139 786 integritatem
1167 757 1233 778 non
1261 747 1381 778 minuit
1403 746 1464 778 sed

313 789 465 821 sacrauit.
491 789 524 820 in
549 789 734 821 natiuitatis
757 790 826 820 eius
849 789 1019 821 solemniis
1043 799 1063 821 a
1088 791 1209 822 nostris
1240 800 1300 822 nos
1325 790 1465 832 piaculis

313 842 441 864 exuens
456 832 659 864 oblationem
677 838 824 864 nostram
834 833 896 864 sibi
911 832 1011 865 saciat
1023 838 1203 875 acceptam.
1221 834 1307 866 iesus
1321 834 1464 866 christus

313 877 468 907 dominus
484 881 604 908 noster.
650 876 716 917 Qui
737 882 856 908 tecum.

373 931 584 1001 (Cztltlfmumb.)
627 933 720 961 Beata
734 931 847 961 uiscera
857 933 948 962 marie
964 932 1086 971 uirginis
1096 942 1156 971 que
1165 939 1361 972 portauerunt
1370 933 1463 963 eterni

313 978 402 1010 patris
459 982 519 1002 um.

728 1038 825 1079 (Post
837 1039 1043 1079 communio.)

316 1094 563 1160 SUmpsimus
589 1094 726 1126 domine
749 1094 950 1126 celebritatis
975 1105 1085 1127 annue
1112 1096 1226 1127 uotiua
1247 1101 1465 1129 sacramenta.

408 1143 520 1178 presta
545 1148 734 1179 quesumus.
761 1143 797 1169 ut
823 1143 858 1170 et
884 1139 1078 1179 temporalis
1102 1139 1170 1171 uite
1197 1139 1293 1172 nobis
1321 1139 1465 1171 remedia

315 1181 474 1222 prebeant
488 1187 522 1213 et
537 1187 657 1213 eterne.
705 1182 773 1213 Per.

567 1288 623 1326 (IN
649 1293 785 1318 SANCTI
808 1293 996 1319 GORGONII
1022 1294 1226 1319 MARTYRls.

802 1351 986 1392 Introitus.)

317 1406 470 1470 GLoria
485 1413 514 1437 et
529 1408 643 1437 honore
658 1409 806 1437 coronasti
823 1417 893 1437 eurn
908 1408 1040 1438 domine.
1055 1413 1086 1438 et
1100 1407 1279 1438 constituisti
1294 1417 1363 1438 eum
1378 1417 1467 1446 super

421 1458 511 1486 opera
525 1458 670 1478 manuum
685 1454 810 1478 tuarum.

376 1488 456 1527 (ps.)
479 1490 610 1519 Domine
623 1489 765 1519 dominus
779 1495 880 1519 noster
894 1499 985 1527 quarn
999 1489 1174 1520 admirabile
1188 1496 1232 1520 est
1246 1499 1357 1520 nomen
1380 1496 1465 1520 tuum

315 1530 344 1558 in
360 1529 498 1559 uniuersa
513 1535 596 1559 terra.
639 1529 707 1568 (17.)
728 1529 838 1560 Gloria.

817 1596 827 1634 (
832 1594 973 1634 Oratio.)

317 1650 499 1717 SAnctus
536 1657 612 1682 tuus
650 1651 785 1682 domine
821 1652 1002 1692 gorgonius
1040 1661 1101 1682 sua
1138 1661 1199 1682 nos
1233 1651 1467 1683 intercessione

409 1694 552 1727 letificet.
567 1700 602 1726 et
625 1695 680 1735 pia
703 1694 803 1726 faciat
825 1694 1038 1726 solemnitate
1059 1694 1213 1735 gaudere.
1260 1695 1329 1726 Per.

377 1750 569 1788 (Graduale.)
611 1751 713 1780 Gloria
727 1755 757 1780 et
778 1751 892 1780 honore
906 1750 1056 1779 coronasti
1078 1759 1147 1779 eum
1162 1751 1293 1780 domine.
1337 1748 1406 1789 (ff.)
1428 1751 1467 1779 Et

316 1791 495 1820 constituisti
510 1801 580 1820 euin
594 1800 683 1829 super
693 1800 784 1829 opera
798 1800 940 1820 manuum
952 1796 1069 1820 tuarum
1079 1791 1206 1820 alleluia.
1249 1790 1317 1830 (ff.)
1338 1791 1466 1821 Posuisti

317 1831 439 1861 domine
453 1841 542 1870 super
555 1838 645 1870 caput
659 1833 723 1861 eius
737 1840 879 1861 coronam
893 1831 933 1861 de
947 1831 1047 1869 lapide
1061 1832 1200 1869 pretioso.

378 1883 606 1922 (Offirtorium.)
649 1883 778 1913 Posuisti
790 1883 914 1913 domine
929 1885 959 1913 in
975 1884 1074 1922 capite
1085 1884 1149 1914 eius
1160 1893 1305 1914 coronam
1314 1884 1354 1914 de
1368 1883 1469 1922 lapide

317 1925 447 1963 pretioso
461 1925 552 1954 uitam
568 1924 653 1962 petiit
667 1934 685 1953 a
700 1931 730 1954 te
745 1930 774 1954 et
790 1924 917 1954 tribuisti
932 1925 968 1954 ei.
1011 1924 1140 1955 alleluia.

806 1989 973 2030 (Secreta.)

321 2046 475 2112 GRata
504 2045 562 2077 tibi
591 2046 634 2077 sit
661 2045 796 2077 domine
826 2052 937 2077 nostre
968 2047 1135 2078 seruitutis
1160 2046 1293 2078 oblatio.
1318 2057 1379 2088 pro
1403 2056 1470 2088 qua

428 2095 563 2121 sanctus
577 2091 758 2130 gorgonius
775 2091 889 2121 martir
905 2091 1110 2122 interuentor
1124 2091 1256 2122 existat.
1303 2091 1373 2122 Per.

378 2144 589 2192 (Communia.)
631 2145 760 2175 Posuisti
773 2145 896 2175 domine
915 2146 946 2175 in
960 2145 1058 2183 capite
1079 2147 1142 2175 eius
1156 2155 1301 2176 coronam
1315 2146 1355 2176 de
1369 2146 1468 2184 lapide

318 2192 456 2225 pretioso.

737 2251 833 2292 (Post
845 2262 911 2282 com
915 2252 1048 2291 munio.)

326 2307 545 2372 FAmiliam
562 2313 654 2339 tuam
664 2307 799 2339 domine
808 2308 955 2339 suauitas
966 2313 1080 2339 eterna
1096 2308 1271 2349 contingat
1285 2312 1320 2339 et
1335 2314 1469 2349 uegetet

426 2362 492 2392 que
518 2351 551 2382 in
576 2351 710 2382 martire
736 2356 794 2382 tuo
816 2351 981 2392 gorgonio
1006 2351 1118 2382 christi
1149 2352 1197 2383 tui
1229 2351 1318 2383 bono
1350 2351 1468 2393 iugiter

319 2394 420 2425 odore
436 2399 598 2435 pascatur.
647 2395 707 2425 Per
721 2394 873 2425 eundem.
