1917 2900
560 377 675 401 FERJA
705 377 753 402 IV.
780 378 940 403 MAIORIS
967 378 1246 403 HEBDOMADAE.
1432 382 1484 407 ¹⁴9·

748 460 843 501 (Post
856 461 1058 502 commuuio.)

324 514 690 581 SAnctificationibus
719 517 784 548 tuis
815 518 1027 559 omnipotens
1065 518 1156 548 deus.
1186 525 1220 549 et
1252 517 1332 548 uitia
1362 521 1475 548 nostra

325 602 353 633 P
420 565 595 591 curentur:
640 565 673 591 et
713 561 859 591 remedia
897 561 993 592 nobis
1030 561 1232 602 sempiterna
1270 561 1473 602 proueniant.

353 612 397 633 er.

281 680 297 707 5
760 672 788 703 S
788 677 867 712 uper
878 672 1042 713 populum.

811 727 966 768 (Oratim)

325 782 451 848 TUa
476 793 537 815 nos
561 783 783 815 misericordia
805 784 895 816 deus.
911 790 944 816 et
960 785 1004 817 ab
1018 785 1109 816 omni
1128 784 1340 826 subreptione
1362 787 1473 816 uetus-

437 827 514 858 tatis
551 832 734 869 expurget:
778 834 812 859 et
841 838 980 870 capaces
1012 834 1126 860 sancte
1157 828 1313 860 nouitatis
1342 827 1471 859 efficiat.

324 870 397 902 Per.

269 981 300 1000 ιο
753 976 864 1001 FERIA
887 976 1049 1008 QUARTA.

553 1025 679 1067 (Statio
692 1026 740 1057 ad
750 1031 895 1057 sanctam
911 1026 1056 1057 mariam
1072 1026 1235 1058 maiorem.

817 1082 998 1122 Introitus.)

332 1135 397 1198 IN
418 1137 541 1166 nomine
563 1136 679 1166 domini
703 1147 794 1166 omne
813 1147 893 1176 genu
915 1138 1051 1167 flectatur
1070 1138 1234 1168 celestium.
1250 1138 1428 1167 terrestrium
1444 1144 1473 1168 et

407 1178 597 1207 infernorum.
613 1178 682 1216 quia
705 1178 845 1208 dominus
870 1178 964 1208 sactus
984 1178 1131 1208 obediens
1159 1187 1255 1216 usque
1275 1178 1314 1208 ad
1335 1184 1472 1208 mortem.

269 1231 298 1258 ¹⁵
325 1224 454 1265 mortem
476 1225 577 1248 autem
599 1219 704 1247 crucis.
720 1219 789 1248 ideo
810 1219 951 1248 dominus
966 1219 1044 1248 iesus
1059 1220 1187 1248 christus
1202 1219 1233 1248 in
1247 1219 1342 1257 gloria
1358 1224 1403 1248 est
1424 1219 1473 1248 dei

367 1265 428 1288 tris,

326 1268 366 1297 pa
389 1298 467 1344 (ps.)
490 1299 620 1328 Domine
643 1299 750 1329 exaudi
779 1300 945 1329 orationem
969 1309 1066 1329 meam
1088 1305 1118 1329 et
1138 1300 1250 1329 clamor
1271 1309 1356 1329 meus
1377 1300 1416 1330 ad
1444 1306 1473 1330 te

326 1345 440 1369 uernat.

545 1392 696 1424 Orernus.
743 1392 934 1424 Flectamus
950 1403 1068 1434 genua.
1115 1393 1250 1425 Leuate.

265 1488 299 1507 2⁰
832 1476 843 1513 (
849 1475 986 1516 Oratio.)

334 1531 491 1596 PResta
506 1541 687 1572 quesumus
703 1531 913 1572 omnipotens
929 1531 1012 1563 deus
1028 1536 1065 1562 ut
1080 1531 1135 1572 qui
1152 1532 1271 1563 nostris
1282 1531 1474 1563 excessibus

431 1576 633 1606 incessanter
647 1574 821 1616 affligimur
836 1584 894 1616 per
909 1575 1068 1616 unigeniti
1091 1575 1138 1606 tui
1155 1575 1343 1616 passionem
1360 1575 1476 1607 libere-

325 1628 407 1650 mur.
453 1617 519 1659 Qui
534 1624 653 1649 tecum.

502 1689 605 1728 (lectio
612 1688 706 1728 ysaie
716 1688 875 1729 prophete)
892 1688 971 1729 [Isa.
988 1688 1056 1720 lxii.
1077 1689 1217 1720 11-lxiii,
1239 1688 1321 1730 1—6].

263 1756 297 1783 25
409 1745 458 1776 Ec
474 1745 553 1776 dicit
568 1745 722 1776 dominus
738 1744 827 1775 deus.
874 1745 983 1776 Dicite
1000 1745 1065 1776 filie
1080 1755 1173 1785 syon.
1218 1745 1306 1776 Ecce
1328 1745 1476 1777 saluator

451 1793 527 1820 tuus
553 1788 653 1819 uenit.
700 1788 787 1819 Ecce
812 1798 935 1819 merces
959 1789 1030 1819 eius
1052 1798 1127 1819 cum
1150 1799 1199 1819 eo.
1244 1788 1328 1829 Quis
1342 1794 1394 1820 est
1410 1789 1472 1820 iste

322 1832 381 1873 qui
398 1832 488 1863 uenit
503 1832 545 1863 de
561 1831 669 1863 edom.
686 1831 796 1863 tinctis
818 1832 966 1863 uestibus
989 1833 1032 1863 de
1054 1832 1176 1863 bosra?
1224 1832 1291 1863 Iste
1308 1831 1470 1863 formosus

324 1877 358 1907 in
384 1875 482 1907 stolia
506 1885 585 1906 sua:
616 1875 769 1915 gradiens
785 1875 816 1906 in
834 1875 1046 1906 multitudine
1069 1875 1268 1907 fortitudinis
1282 1885 1349 1906 sue.
1396 1875 1471 1917 Ego

322 1919 381 1960 qui
406 1919 523 1960 loquor
553 1919 732 1949 iustitiam:
765 1923 798 1949 et
829 1925 1056 1959 propugnator
1086 1929 1159 1950 sum
1190 1918 1233 1950 ad
1263 1918 1470 1950 saluandum.
1512 1939 1515 1942 »

260 1973 296 2000 3ο
323 1963 438 2004 Quare
452 1972 532 2003 ergo
548 1962 681 1993 rubrum
693 1967 745 1993 est
761 1962 991 1993 indumentum
1014 1967 1117 1993 tuum.
1132 1967 1167 1993 et
1190 1962 1390 1994 uestimenta
1412 1968 1471 1994 tua

322 2007 408 2037 sicut
424 2005 622 2037 calcantium
640 2005 672 2036 in
688 2005 868 2036 torculari?
912 2005 1072 2037 Torcular
1093 2005 1216 2036 calcaui
1240 2005 1348 2036 solus:
1371 2011 1405 2037 et
1426 2006 1469 2037 de

321 2049 477 2092 gentibus
503 2058 568 2080 non
595 2055 646 2079 cst
669 2049 718 2079 uir
740 2059 878 2080 mecum.
925 2049 1058 2081 Calcaui
1074 2059 1131 2080 eos
1148 2050 1179 2080 in
1196 2049 1303 2080 furore
1319 2059 1413 2080 meo:
1436 2056 1469 2081 et

322 2093 515 2125 conculcaui
538 2103 596 2124 eos
612 2093 643 2123 in
662 2093 707 2123 ira
730 2102 812 2123 mea.
859 2093 904 2124 Et
926 2103 1079 2134 aspersus
1100 2092 1166 2134 ests‘
1188 2093 1322 2133 sanguis
1339 2091 1396 2135 [so.
1421 2094 1469 2133 58.

322 2147 439 2168 eorum
477 2146 575 2177 super
607 2136 807 2167 uestimenta
831 2146 926 2167 mea:
964 2141 997 2167 et
1027 2136 1140 2167 omnia
1170 2137 1363 2167 indumenta
1395 2146 1467 2168 mea

258 2192 293 2219 35
323 2180 506 2221 inquinaui.
552 2179 633 2210 Dies
648 2179 736 2210 enim
764 2179 897 2210 ultionis
922 2180 954 2210 in
978 2180 1078 2211 corde
1100 2190 1182 2211 meo.
1237 2179 1357 2210 Annus
1377 2180 1468 2211 retri-

321 2224 469 2256 butionis
497 2233 570 2254 mee
594 2223 693 2254 uenit.
754 2223 993 2264 circumspexi.
1022 2229 1056 2254 et
1087 2233 1152 2254 non
1178 2228 1247 2254 erat
1274 2223 1469 2255 auxiliator:

320 2267 459 2309 quesiui.
475 2272 508 2298 et
524 2276 590 2297 non
608 2266 667 2297 suit
683 2266 739 2307 qui
755 2266 934 2297 adiuuaret.
981 2266 1026 2298 Et
1035 2266 1177 2297 saluauit
1188 2266 1286 2298 michi
1299 2266 1468 2298 brachium

323 2321 455 2343 meum:
494 2315 527 2342 et
558 2310 742 2350 indignatio
772 2319 846 2341 mea
876 2310 947 2350 ipsa
983 2310 1144 2341 auxiliata
1174 2315 1225 2341 est
1255 2310 1363 2341 michi.
1423 2310 1468 2342 Et

321 2353 514 2386 conculcaui
553 2353 695 2395 populos
733 2353 764 2383 in
804 2353 910 2384 surore
948 2363 1024 2384 meo
1067 2358 1101 2384 et
1145 2353 1302 2385 inebriaui
1339 2363 1397 2384 eos
1435 2354 1467 2385 in

251 2416 292 2441 ⁴0
319 2398 551 2439 indignatione
589 2406 663 2428 mea
700 2401 734 2427 et
771 2396 900 2428 detraxi
938 2397 1093 2428 uirtutem
1131 2406 1243 2428 eorum
1275 2397 1307 2428 in
1338 2401 1467 2428 terram.
