1917 2900
854 365 907 391 ΝΟ
913 365 1077 391 VEMBER.
1476 365 1536 391 xxiii

660 465 869 507 [Nouember
889 467 980 509 apud
1007 467 1146 499 hebreos
1174 467 1293 499 dicitur
1315 467 1425 499 casleu
1454 467 1499 509 [p.
1522 467 1567 500 xi.

745 523 834 565 apud
851 533 966 564 grecos
982 523 1065 555 dios.

659 587 786 629 Quinta
802 587 992 620 nouembris
1007 587 1112 620 obest.
1136 587 1219 620 nulli
1235 587 1295 620 lux
1311 588 1427 620 tertius
1442 588 1545 621 obest.

659 651 859 683 Nouembris
875 651 975 684 habet
990 651 1060 683 dies
1076 652 1243 684 xxx.luna
1257 652 1355 684 xxix.

658 716 739 747 Nox
756 715 857 748 habet
871 715 970 747 horas
986 715 1053 748 xvi.
1068 716 1139 748 dies
1155 710 1234 749 uero
1248 716 1312 748 viii.

356 805 376 831 d
421 804 575 831 Nouembris
621 805 755 831 Festiuitas
766 804 878 830 omnium
889 809 1039 830 sanctorum.
1053 809 1079 831 et
1089 804 1170 831 sancti
1180 805 1268 831 cesarii
1279 805 1394 831 martiris.

355 863 370 880 e
421 855 469 880 iiiL

537 857 579 880 nii.
616 854 731 880 Officium
744 862 789 887 pro
800 854 917 879 omnibus
928 853 1043 880 fidelibus
1052 854 1185 880 defunctis.
1219 872 1221 875 .

358 904 371 929 f
426 905 463 930 iii,
538 907 580 930 Ιιό.

357 963 374 987 g
429 955 456 979 ii.
538 956 581 979 οδ.
618 953 766 980 sanctorum
777 953 906 978 martinam
917 953 1003 978 uitalis
1012 958 1038 978 et
1048 953 1165 986 agricole.

358 1006 396 1034 (a)
430 1004 526 1029 Nonas.

357 1052 375 1076 b
418 1051 472 1077 viii.
519 1051 582 1076 idus.
619 1050 707 1076 Sancti
717 1049 831 1075 leonardi
842 1049 1000 1075 confessoris.

358 1108 372 1125 c
419 1101 462 1125 vii.
516 1100 580 1125 idus.
616 1099 703 1125 Sancti
714 1098 852 1124 herculiani
863 1099 979 1124 martiris.

357 1150 374 1175 d
428 1150 461 1174 vi.
517 1149 580 1175 idus.
615 1149 764 1175 Sanctorum
775 1154 882 1181 quatuor
892 1154 1067 1174 coronatorum
1078 1154 1104 1174 et
1115 1148 1225 1174 lodouici
1236 1149 1391 1175 confessoris.

357 1207 371 1223 e
429 1207 453 1222 v.
517 1198 580 1223 idus„
617 1197 751 1223 Dedimtio
762 1197 864 1222 basilioe
874 1186 1014 1223 sanatoris
1027 1202 1053 1223 et
1064 1197 1178 1223 theodori
1189 1198 1304 1224 martiris

358 1248 370 1273 s
417 1248 462 1273 iiii.
515 1248 580 1273 idus.
615 1247 763 1272 Sanctorum
774 1247 902 1272 martirum
914 1247 1040 1280 triphonis
1050 1252 1076 1273 et
1087 1247 1194 1280 respicii.
1205 1252 1231 1273 et
1242 1247 1356 1281 ninphe†
1367 1247 1479 1281 uirginis.

360 1305 376 1330 g
423 1298 459 1322 iii.
519 1297 581 1322 idus.
617 1297 705 1322 Sancti
717 1296 818 1322 martini
829 1296 940 1329 episcopi
952 1302 978 1322 et
989 1296 1145 1322 confessoris.
1160 1301 1186 1322 et
1196 1297 1277 1322 sancti
1289 1305 1380 1323 menne
1392 1298 1507 1323 martiris.

361 1346 395 1374 (a)
427 1344 454 1369 ii.
518 1344 581 1369 idus.
618 1344 705 1370 Sancti
717 1343 817 1369 martini
830 1351 896 1377 pape
906 1348 932 1369 et
943 1344 1061 1369 martiris.

360 1394 376 1419 b
408 1394 474 1419 Idus.
615 1394 702 1420 Sancti
713 1394 786 1420 bricii
796 1394 909 1427 episcopi
919 1399 944 1419 et
955 1394 1111 1419 confessoris.

361 1452 373 1469 c
403 1444 471 1469 m‘ii.
540 1444 575 1469 kl.
591 1444 745 1470 Decembris.
781 1444 861 1470 sancti
872 1444 1011 1477 serapionis
1023 1443 1138 1470 martiris.

360 1493 375 1518 d
406 1494 465 1519 xvii.
538 1494 573 1519 kl.
610 1494 697 1520 Sancti
708 1494 807 1527 eugenii
824 1494 939 1519 martiris.

361 1551 372 1568 e
412 1544 460 1568 xvi.
540 1544 575 1569 kl.
612 1543 699 1569 Sancti
711 1542 864 1569 edomundst
874 1542 1042 1569 oenturim.†

361 1592 371 1616 s
417 1601 456 1617 xv.
536 1592 571 1617 kl.
608 1592 695 1618 Sancti
705 1592 814 1625 gregorii
824 1592 937 1625 episcopi
948 1591 990 1617 ct†
1001 1592 1156 1617 confessoris.
1192 1592 1237 1618 Sol
1249 1592 1275 1617 in
1285 1592 1412 1625 sagimin-

360 1649 374 1673 ξ
402 1642 464 1666 xiiii.
535 1642 570 1666 kl.
608 1641 742 1667 Dedioetio
753 1642 911 1667 basilicarum
923 1642 987 1674 petri
998 1646 1024 1667 et
1035 1642 1110 1675 pauli.

360 1692 392 1720 (a)
406 1691 458 1716 xiii.
537 1691 573 1716 kl.
611 1690 726 1716 Pontiani
739 1698 804 1723 pape
815 1697 841 1716 et
852 1690 967 1716 martiris.
981 1695 1007 1716 et
1018 1690 1140 1716 helisabet
1152 1690 1203 1716 filia
1214 1691 1279 1724 regis
1289 1691 1400 1724 ungarie.

360 1740 374 1764 b
413 1741 455 1765 xii.
532 1740 568 1765 kl.
605 1740 692 1766 Sancti
703 1739 838 1765 eadmundi
850 1740 915 1772 regis
925 1745 950 1765 et
962 1740 1078 1765 martiris.

360 1797 372 1814 e
416 1790 449 1815 xi.
537 1790 573 1814 kl.
610 1789 696 1815 Sancti
708 1789 804 1816 :nauti-l
814 1790 931 1815 martiris.

359 1838 373 1863 d
419 1848 443 1864 x.
536 1839 571 1864 kl.
608 1839 700 1865 Sancte
711 1839 798 1864 cecilie
809 1838 913 1871 uirginis
923 1844 949 1864 et
960 1839 1076 1864 martiris.

358 1896 370 1912 e
415 1889 446 1914 ix.
531 1878 740 1919 kTTlementis
751 1896 816 1921 pape
826 1894 853 1914 et
863 1888 980 1914 maniris.
993 1894 1018 1913 et
1029 1893 1114 1914 sancte
1126 1888 1260 1916 felicitatis.

606 1938 706 1963 Festum
717 1937 848 1963 clementis
858 1937 930 1963 iemis
940 1941 1015 1970 caput
1026 1942 1064 1963 est
1075 1937 1186 1964 orientis.

358 1985 368 2010 s
407 1986 459 2011 viii.
531 1986 567 2011 kl.
603 1986 739 2018 Grisogoni
750 1985 865 2011 martiris.

355 2042 369 2067 g
413 2036 455 2061 vii.
532 2036 568 2060 kl.
604 2035 695 2061 Sancte
706 2035 819 2061 katerine
830 2035 935 2068 uirginis
945 2040 971 2061 et
982 2036 1098 2061 martiris.

356 2087 388 2115 (a)
417 2086 450 2110 vi.
531 2085 567 2110 kl.
604 2085 690 2111 Sancti
702 2085 767 2118 petri
777 2085 933 2110 alexandrini
949 2085 1061 2119 episcopi
1072 2090 1098 2111 et
1109 2085 1225 2111 martiris.

356 2134 370 2159 b
422 2144 445 2160 v.
531 2135 568 2159 kl.
606 2134 664 2159 Lini
675 2142 740 2167 pape
751 2139 776 2159 et
787 2134 903 2160 martiris.

355 2191 367 2208 c
411 2184 456 2209 iiii.
535 2184 571 2208 kl.
608 2183 694 2209 iacobi
706 2183 860 2210 intercisci.†

353 2230 368 2254 d
414 2232 450 2256 iii.
532 2231 568 2255 kl.
605 2231 692 2256 Sancti
703 2230 826 2256 saturnini
838 2231 954 2256 martiris.
1448 2233 1551 2267 uigilia.

353 2288 364 2304 e
418 2281 444 2306 ii.
532 2280 568 2305 kl.
605 2275 691 2305 sancti
701 2280 793 2305 andree
805 2280 921 2313 apostoli.

532 2361 595 2393 Est
610 2366 728 2394 octaua
744 2361 834 2394 canis
850 2361 934 2394 sorte
949 2367 1068 2404 quarta
1084 2362 1233 2399 uidctnr†
1248 2362 1280 2394 in
1297 2362 1378 2395 anis.
