1917 2900
336 362 598 387 PATIENTIAJI:
622 363 694 387 PRO
715 363 971 388 STABILITATE
993 363 1097 388 LOCI:
1124 363 1374 389 CONHYENTE.
1409 370 1459 394 479

729 447 826 484 (Post
839 447 1042 487 communio.)

308 502 461 567 SAncti
484 503 620 544 spiritus
642 504 749 543 gratia
772 513 953 544 quesumus
975 504 1112 535 domine
1134 503 1235 535 corda
1258 510 1371 535 nostra
1387 504 1458 535 illu-

310 589 333 620 Ρ
386 547 513 596 ’mine-t.
529 552 562 577 et
579 546 725 587 perfecte
740 548 889 578 caritatis
902 547 1088 578 dulcedinis
1100 547 1309 579 abundanter
1324 547 1457 579 reficiat.

334 600 370 620 er
385 600 418 620 in
436 596 571 621 unitate

270 665 284 690 5
503 677 628 705 (MISSA
651 677 703 701 AD
726 677 1007 702 POSTULANDAM
1035 677 1267 703 PATIENTIAM

816 726 955 767 Oratio.)

315 782 453 847 DEus
473 782 529 823 qui
553 782 715 823 unigeniti
739 783 787 814 tui
811 783 981 824 patientia.
997 784 1126 825 antiqui
1149 783 1253 815 hostis
1275 783 1459 815 contriuisti

425 826 625 867 superbiam.
639 826 683 857 da
698 826 795 858 nobis
816 837 1006 867 quesumus.
1021 837 1087 868 que
1110 827 1198 858 idem
1215 828 1268 868 pie
1287 837 1349 868 pro
1363 827 1460 859 nobis

307 869 443 911 pertulit
465 870 567 911 digne
584 869 726 901 recolere
741 870 855 911 sicque
868 871 1029 912 exemplo
1044 871 1115 902 eius
1138 871 1233 902 nobis
1247 870 1460 902 aduersantia

257 926 288 944 ιο
307 914 530 954 equanimiter
544 913 705 944 tollerare.
753 913 814 944 Per
828 914 982 946 eundem.

800 984 812 1020 (
818 981 973 1023 Secreta.)

317 1037 514 1102 WUnera
531 1043 644 1069 nostre
665 1037 844 1069 oblationis
857 1048 1038 1079 quesumus
1059 1038 1195 1070 domine
1218 1038 1368 1080 placatus
1391 1048 1461 1070 sus·

316 1069 336 1102 1
440 1082 522 1122 cipe.
537 1091 603 1122 que
618 1086 655 1112 ut
671 1081 767 1112 nobis
782 1082 942 1122 patientie
965 1081 1092 1113 donum
1108 1082 1297 1113 condonare
1306 1082 1461 1123 digneris.

309 1125 475 1157 maiestati
499 1130 557 1156 tue
579 1124 702 1156 deuota
723 1124 894 1156 offerimus
916 1126 1056 1157 actione.
1104 1126 1172 1157 Per.

729 1193 827 1233 (Post
839 1194 1044 1233 communio.)

257 1190 287 1216 ¹5

311 1249 570 1316 SAcrosancta
584 1250 720 1281 domine
734 1255 905 1281 sument&
928 1250 1083 1282 misteria.
1097 1250 1255 1281 amissam
1272 1249 1368 1281 nobis
1383 1260 1463 1291 que-

404 1303 519 1324 sumus
549 1293 760 1325 reconcilient
782 1293 934 1334 gratiam.
959 1300 1062 1334 atque
1088 1303 1209 1324 munus
1238 1293 1398 1334 patientie
1428 1294 1460 1324 in

310 1337 410 1412 ilplatis
432 1336 589 1368 omnibus
618 1347 749 1378 semper
771 1342 806 1368 et
828 1337 952 1378 ubique
975 1336 1200 1379 protegando†
1222 1337 1462 1378 impartiantur.

340 1391 384 1412 er.

256 1462 291 1480 ²⁰
591 1470 715 1506 (MISSA
740 1472 811 1497 PRO
833 1472 1080 1497 STAleTATE
1104 1472 1188 1498 LOCl

821 1522 961 1562 Oratio.)

315 1574 583 1641 OManPtelss
598 1574 801 1615 sempiterne
810 1573 898 1623 ‘deus
913 1574 1134 1624 edificator-et
1149 1574 1462 1624 custos-yerusalem

430 1623 574 1649 ciuitatis
598 1627 741 1659 superne
764 1616 883 1649 edifica
905 1624 939 1649 et
970 1618 1100 1649 custodi
1124 1617 1234 1649 locum
1266 1623 1366 1649 istum
1387 1628 1462 1649 cum

257 1705 289 1724 2,
313 1661 557 1737 Ιὲαὸίῐεῐοήὴυς
572 1662 651 1692 suis.
667 1666 704 1692 ut
719 1662 763 1692 sit
780 1662 812 1692 in
829 1670 871 1692 eo
884 1661 1091 1693 domicilium
1108 1661 1299 1692 stabilitatis
1313 1666 1347 1692 et
1363 1662 1464 1702 pacis.

276 1713 290 1731 ³
342 1716 386 1737 er.

806 1760 977 1801 (Secreta.)

321 1813 431 1877 Hls
453 1811 620 1844 sacrificiis
642 1822 823 1853 quesumus
845 1811 982 1843 domine
1005 1811 1156 1853 placatus
1179 1812 1323 1844 intende.
1347 1817 1384 1843 ut
1410 1812 1466 1853 qui

439 1856 579 1897 propriis
593 1865 727 1887 oramus
742 1855 871 1887 absolui
885 1855 1024 1887 delictis.
1035 1865 1102 1887 non
1117 1865 1296 1897 grauemur
1309 1856 1467 1887 externis.

315 1900 373 1932 sed
390 1900 434 1932 ab
447 1899 604 1931 omnibus
618 1899 798 1930 liberemur
811 1899 969 1930 aduersis.
1015 1899 1084 1930 Per.

733 1966 830 2007 (Post
842 1967 1047 2005 communio.)

259 1966 294 1992 30

317 2020 493 2087 SUscipe
510 2020 648 2051 domine
670 2028 786 2060 preces
808 2024 946 2050 nostras.
961 2023 996 2049 et
1019 2028 1115 2049 muro
1136 2018 1287 2049 custodie
1300 2023 1358 2049 tue
1380 2018 1468 2049 hunc

410 2064 520 2095 locum
535 2072 612 2095 cum
629 2061 856 2095 habitantibus
872 2063 904 2094 in
921 2072 963 2094 eo
977 2062 1141 2093 circunda.
1156 2067 1193 2093 ut
1215 2062 1306 2093 omni
1322 2062 1468 2094 aduersi·

315 2113 389 2158 tate
414 2107 554 2182 replulsa.
579 2107 622 2138 sit
642 2116 774 2147 semper
799 2106 832 2137 in
868 2116 910 2137 eo
931 2105 1137 2138 domicilium
1168 2105 1404 2137 incolumitatis
1434 2111 1468 2137 et

317 2162 416 2193 pacis.
490 2161 532 2182 er.

261 2226 293 2253 ³⁵
650 2233 776 2269 (mssfx
800 2236 871 2262 PRO
893 2235 1137 2261 coxmrssxrss

826 2287 966 2328 Oratio.)

319 2341 587 2408 OMnipotens
602 2341 803 2382 sempiterne
818 2340 902 2372 deus
916 2339 1089 2371 confitenti
1112 2338 1173 2370 tibi
1196 2338 1322 2370 famulo
1344 2343 1411 2370 tuo.
1428 2337 1473 2371 N.

435 2395 497 2426 pro
519 2390 577 2416 tua
600 2385 724 2426 pietate
746 2384 862 2415 relaxa
885 2388 1029 2425 peccata.
1053 2388 1090 2414 ut
1113 2392 1180 2414 non
1203 2382 1278 2424 plus
1299 2383 1330 2414 ei
1354 2387 1473 2414 noceat
