1917 2900
281 469 424 748 Q<

352 987 400 1012 iiii.

280 1127 321 1154 (ι)
357 1126 454 1151 Nonas.

281 1170 300 1194 b
346 1170 399 1195 viii.

822 378 950 404 MAIUS.
1407 376 1458 401 xvii

583 468 732 511 lMadius
753 468 843 511 apud
865 468 982 499 ebreos
1005 467 1126 500 dicitur
1140 468 1269 500 scriban
1286 467 1376 509 apud
1399 466 1445 508 [p.
1461 477 1490 497 v.

668 535 784 567 grecos
799 522 1015 560 antinoscos.†

582 590 715 622 Tertius
730 590 785 621 hic
800 593 903 631 aptat.
922 588 1031 621 madii.
1048 588 1139 630 quod
1155 588 1318 629 septimus
1333 592 1435 629 aptat.

584 655 716 686 Madius
733 654 832 686 habet
848 654 919 685 dies
935 654 1032 685 xxxi.
1049 653 1128 685 luna
1144 664 1229 684 xxx.

585 719 664 751 Nox
680 719 783 751 habet
798 719 897 751 horas
912 719 977 750 viii.
993 718 1065 750 dies
1081 728 1161 750 uero
1176 718 1243 749 xvi.

549 811 696 837 sanctorum
707 812 876 844 apostolorum
889 810 980 844 philipi
991 815 1017 836 et
1027 810 1117 836 iacobi.

469 858 511 881 ιιό.
548 856 634 882 saneti
644 855 791 882 athanaxist
801 856 914 889 episcopi
925 861 950 881 et
962 855 1118 881 confessoris.

469 904 511 926 ns».
548 902 665 927 quentio
683 906 768 927 sancte
787 902 874 927 crucis.
893 906 918 926 et
935 905 1077 927 sanctorum
1100 901 1230 926 martirum
1248 899 1377 926 alexandri
1398 898 1492 925 euentii

613 943 761 972 theodonis†
772 947 797 968 et
808 942 964 974 iuue[nalis.]

469 990 511 1013 ηδ.
547 988 643 1021 Quirici
659 989 771 1022 episcopi
782 994 807 1014 et
819 988 935 1014 martiris.

469 1036 511 1058 ηδ.
547 1034 633 1059 Sancti
645 1034 763 1060 fortunati
775 1034 891 1060 martiris.

470 1081 511 1104 ηὸ.
550 1080 670 1105 Iohannis
680 1085 739 1104 ante
750 1085 847 1112 portam
859 1079 973 1105 latinam.

547 1125 633 1151 Sancti
646 1125 739 1158 placidi
749 1125 869 1158 episcopi.

451 1170 513 1195 idus.
550 1170 638 1195 Sancti
649 1169 751 1195 uictoris
761 1169 876 1194 martiris.
912 1187 920 1198 ,

451 1216 512 1241 idus.
550 1215 620 1240 Beati
633 1215 763 1247 presbiteri
774 1215 888 1240 mniris.

448 1261 511 1286 idus.
548 1261 697 1286 Sanctorum
708 1260 823 1292 gordiani
834 1265 859 1285 et
871 1259 996 1292 epimachi
1007 1260 1143 1285 martirum.

446 1306 508 1331 idus.
545 1306 632 1331 Sancti
643 1305 729 1330 maioli
740 1305 847 1330 abbatis.

448 1351 511 1376 idus.
548 1351 697 1376 Sanctorum
709 1350 838 1375 martirum
851 1350 918 1375 nerei
929 1350 1021 1376 achilei
1032 1355 1106 1384 atque
1118 1351 1251 1384 pancracii.

449 1396 512 1421 idus.
549 1396 636 1421 Sancti
647 1396 755 1428 gemacii
767 1396 921 1421 confessoris.

449 1441 511 1467 idus.
548 1442 635 1468 Sancti
646 1441 766 1467 bonifacii
778 1441 893 1467 martiris.

550 1487 636 1513 Sancti
649 1487 756 1520 torquati
767 1487 922 1513 confessoris.

476 1533 511 1557 kl.
527 1532 593 1557 Iunii
628 1532 742 1565 Aquilini
753 1538 778 1557 et
790 1532 923 1557 uictoriani
935 1533 1070 1558 martirum.

477 1579 512 1602 kl.
548 1578 571 1602 T
572 1578 692 1603 tanslatio
703 1578 783 1603 sancti
795 1578 845 1610 5)τί
857 1578 976 1611 episcopi.

480 1623 514 1648 kl.
551 1623 643 1648 Sancte
655 1623 744 1648 basilie
756 1623 867 1656 uirginis.
904 1624 948 1649 Sol
961 1624 987 1648 in
998 1624 1113 1656 geminis.

482 1669 516 1693 kl.
552 1668 644 1694 Sancte
666 1668 812 1701 potentiane
832 1668 945 1701 uirginis.
964 1674 989 1694 et
1007 1669 1089 1694 sancti
1107 1669 1171 1702 petri
1187 1669 1299 1694 celestini
1317 1677 1381 1702 pape
1398 1674 1423 1694 et
1440 1678 1500 1694 con-

615 1709 721 1735 sessoris.

478 1755 512 1780 kl.
548 1755 640 1781 Sancte
651 1755 753 1780 bassine
770 1755 875 1788 uirginis
885 1760 909 1780 et
922 1756 1036 1781 martisis.

478 1801 513 1825 kl.
549 1800 635 1826 Sancti
648 1800 754 1826 ualentis
765 1801 881 1826 martiris.

478 1846 513 1870 kl.
549 1845 649 1872 castri-l*
659 1851 684 1871 et
695 1845 819 1877 [eJmiliti]
830 1846 992 1877 marturum]

479 1891 513 1916 kl.
549 1891 636 1916 Sancti
646 1891 779 1916 saluatoris
790 1891 905 1916 martiris.

478 1937 513 1961 kl.
549 1936 636 1962 Sancti
647 1936 789 1969 mgaciaui'r
806 1937 922 1962 martiris.

479 1981 514 2006 kl.
550 1982 637 2007 Sancti
648 1982 738 2007 urbani
749 1990 813 2015 pape
824 1987 850 2007 et
861 1982 975 2007 martiris.

480 2026 515 2051 kl.
551 2027 637 2052 Sancti
649 2027 780 2052 eleutherii
792 2035 856 2060 pape
867 2032 892 2052 ct
904 2027 1019 2053 martiris.

480 2072 515 2097 kl.
551 2072 637 2097 Sancti
649 2072 765 2097 iohannis
776 2081 840 2105 pape
852 2078 876 2097 et
889 2073 1003 2098 martiris.

479 2118 514 2142 kl.
550 2118 635 2143 Sancti
646 2118 758 2150 germani
769 2118 888 2150 episcopi.

482 2163 517 2187 kl.
553 2163 640 2188 Sancti
652 2163 780 2188 maximini
792 2163 910 2196 episcopi.

483 2208 518 2232 kl.
554 2208 641 2234 Sancti
654 2208 732 2233 felicis
743 2217 806 2241 pape
818 2215 842 2233 et
855 2209 969 2234 martiris.

480 2253 514 2278 kl.
551 2253 642 2278 Sancte
655 2254 785 2286 petronille
796 2253 906 2286 uirginis⁴

419 2359 531 2392 Sexta
547 2359 655 2389 minus
671 2358 782 2390 sordet
798 2368 873 2390 cum
891 2358 1027 2390 uulnera
1043 2358 1129 2390 dena
1146 2360 1317 2392 remordet.

1347 2417 1365 2449 b
