1917 2900
734 371 972 397 BENEDICTIO
995 370 1213 397 PUERORUM.
1504 376 1549 403 501

863 459 908 500 (Α
914 459 1091 500 nttplzona.)

410 511 613 573 PRecingat
642 512 780 542 dominus
809 517 838 541 te
866 521 940 541 zona
967 512 1086 541 iustitie.
1115 516 1147 540 ut
1175 511 1366 540 immaculata
1394 519 1554 540 conserues

508 553 609 582 omnia
625 553 766 582 mandata
782 562 842 582 sua.

465 592 544 632 (Ps.)
567 593 701 623 Laudate
722 594 879 623 dominum
900 594 931 622 in
953 593 1063 623 sanctis
1085 593 1156 622 eius.
1179 592 1297 622 laudate
1318 601 1388 622 eum
1407 593 1438 621 in
1460 592 1554 621 firma-

366 631 379 658 5
405 639 507 664 mento
523 634 638 663 uirtutis
653 635 726 664 eius.
741 639 769 663 et
781 638 879 663 cetera.

470 683 596 714 Deinde
611 683 665 714 det
677 683 710 714 ei
722 683 887 714 candelam
903 692 1065 714 accensam
1080 687 1112 713 et
1124 682 1218 713 dicat.

466 730 533 770 (Is.)
556 732 687 762 Domine
701 733 806 762 exaudi
822 733 987 762 orationem
1003 741 1107 762 meam.

466 772 533 811 (R.)
556 774 594 802 Et
608 774 721 803 clamor
735 783 819 803 meus
832 774 872 803 ad
887 779 917 803 te
931 773 1041 803 ueniat.

466 812 534 852 (Μ)
557 815 705 844 Dominus
721 815 886 844 uobiscum.

351 861 382 879 10
465 853 532 893 (R.)
555 855 594 884 Et
608 864 677 885 curn
692 856 795 893 spiritu
810 861 870 885 tuo.

903 904 915 943 (
921 903 1059 944 Oratio.)

415 952 604 1017 DOmine
628 953 696 985 iesu
722 954 840 986 christe
866 953 925 985 lux
951 964 1030 985 uera
1055 953 1097 985 de
1118 963 1196 984 uero
1219 953 1351 984 lumine.
1376 963 1557 994 quesumus

525 997 735 1028 clementiam
774 1002 876 1029 tuam.
907 1002 944 1028 ut
980 1007 1038 1038 per
1068 997 1333 1028 intercessionem
1366 997 1556 1028 beatissimi.

410 1040 450 1071 N.
479 1046 625 1072 mentem
652 1041 779 1082 paruuli
804 1041 899 1072 huius
925 1040 1098 1072 illumines.
1125 1045 1162 1072 ut
1187 1051 1262 1072 cum
1290 1040 1332 1072 ad
1360 1050 1465 1072 annos
1493 1040 1557 1071 dis-

354 1088 382 1115 15
407 1084 560 1115 cretionis
587 1084 767 1116 aduenerit.
792 1089 909 1116 sancto
931 1084 991 1116 tibi
1015 1084 1128 1116 animo
1157 1094 1360 1125 corporeque
1384 1084 1550 1116 deseruiat

408 1127 474 1169 Qui
491 1128 584 1159 uiuis.

473 1179 590 1211 Postea
604 1179 766 1212 benedicat
772 1186 913 1221 puerum
929 1180 984 1211 uel
993 1180 1147 1221 puellam.
1163 1179 1320 1220 ‹ffirendo
1334 1190 1407 1211 eum
1423 1179 1477 1211 uel
1487 1189 1558 1211 eam

408 1229 504 1263 super
524 1224 630 1255 altari
648 1235 688 1255 ac
708 1224 847 1256 dicendo.
893 1223 1063 1257 Confirma
1086 1224 1148 1255 hoc
1164 1223 1247 1255 deus
1263 1223 1295 1255 in
1313 1234 1423 1265 puero.
1439 1223 1510 1255 siue
1522 1223 1558 1254 in

404 1267 521 1307 puella.
553 1267 642 1308 quod
675 1268 705 1299 in
744 1278 784 1299 eo
820 1278 957 1309 operare
994 1268 1110 1309 cepisti
1140 1277 1160 1298 a
1190 1267 1317 1308 templo
1347 1271 1463 1298 sancto
1493 1272 1560 1298 tuo.

352 1314 386 1332 ²0
410 1310 554 1342 deducat
589 1321 665 1342 eum
703 1312 837 1353 spiritus
875 1317 951 1343 tuus
987 1311 1095 1342 bonus
1131 1311 1163 1342 in
1200 1315 1320 1342 terram
1359 1316 1490 1342 rectam.
1526 1315 1560 1342 et

410 1354 671 1395 bene(>1‹)dictio
686 1360 744 1386 tua
760 1355 802 1386 sit
817 1365 915 1396 super
929 1365 1006 1386 eum
1024 1365 1162 1396 semper.

475 1404 602 1435 Deinde
624 1404 740 1436 reddat
762 1405 856 1436 illum
880 1405 934 1436 uel
953 1404 1046 1436 illam
1063 1403 1261 1445 parentibus.
1282 1408 1314 1435 et
1331 1414 1502 1436 conuersus
1516 1403 1565 1435 ad

410 1458 518 1479 omnes
525 1448 770 1480 circumstantes
779 1449 873 1480 dicat.
909 1447 1072 1489 Bene[›1⁴]
1089 1449 1178 1480 dicat
1194 1458 1254 1480 uos
1270 1447 1383 1479 diuina
1396 1448 1560 1480 maiestas.

411 1497 504 1532 pater
520 1496 553 1523 et
569 1492 662 1523 filius.
679 1498 712 1524 et
728 1493 861 1533 spiritus
877 1497 1020 1524 sanctus.
1065 1492 1133 1533 (R.)
1158 1492 1278 1523 Amen.

352 1553 385 1579 ²5
410 1552 487 1593 (Ad
496 1553 675 1584 exuendum
683 1559 822 1594 puerum
837 1554 907 1585 siue
913 1552 1060 1594 puellam
1074 1551 1222 1584 habitum
1235 1557 1404 1593 portatum
1412 1557 1475 1593 pro
1491 1557 1563 1583 uoto

858 1597 929 1628 siue
942 1596 1129 1636 deuotz‘tme.)

485 1647 540 1727 λᾶζ
562 1649 753 1678 Adiutorium
770 1654 904 1678 nostrum
919 1649 949 1677 in
965 1649 1087 1678 nomine
1101 1648 1225 1678 domini.

472 1648 525 1727 {AE
562 1689 622 1726 Qui
639 1690 708 1719 fecit
722 1689 819 1719 celum
835 1695 865 1719 et
880 1695 994 1718 terram.

484 1728 540 1808 M}
561 1729 693 1759 Domine
707 1730 813 1760 exaudi
828 1730 996 1759 orationem
1010 1738 1116 1759 meam.

354 1772 388 1797 30
485 1770 526 1805 B.
563 1771 602 1800 Et
615 1771 729 1800 clamor
743 1780 828 1800 meus
841 1771 880 1800 ad
895 1776 924 1800 te
938 1770 1049 1800 ueniat.

485 1810 541 1889 173
564 1811 713 1841 Dominus
728 1811 893 1841 uobiscum.

472 1850 523 1890 (R.
561 1852 600 1881 Et
613 1861 683 1881 cum
698 1852 801 1890 spiritu
816 1856 878 1882 tuo.

915 1900 1059 1932 Oremus.

908 1950 921 1990 (
926 1950 1063 1990 Oratio.)

354 2005 387 2031 35
420 2001 609 2067 DOmine
636 2008 750 2034 sancte
778 2007 871 2044 pater
895 2002 1108 2044 omnipotens
1136 2003 1262 2043 (eterne
1292 2001 1382 2033 deus.
1407 2001 1463 2043 [so.
1492 2002 1559 2033 181.

529 2057 549 2078 a
579 2056 647 2088 quo
673 2046 846 2078 descendit
872 2055 972 2077 omne
999 2046 1132 2078 bonum.
1157 2050 1191 2077 et
1215 2055 1314 2077 omne
1339 2046 1473 2077 donum.
1500 2045 1561 2077 tibi

412 2090 536 2132 gratias
563 2090 752 2122 refferimus.
777 2095 811 2122 et
838 2090 974 2131 expleta
1005 2094 1084 2121 uota
1114 2089 1292 2121 reddimus.
1322 2089 1452 2130 suscipe
1481 2094 1561 2122 uota

412 2138 524 2166 nostra
547 2144 622 2166 cum
646 2134 829 2166 actionibus
852 2134 1043 2175 gratiarum.
1066 2138 1100 2165 et
1122 2132 1346 2165 intercedente
1369 2132 1561 2165 beatissima

413 2177 540 2219 uirgine
558 2178 660 2209 maria
683 2182 874 2218 sanctoque.
892 2178 933 2209 N.
949 2177 1024 2208 huic
1040 2177 1166 2208 infanti.
1181 2176 1252 2208 siue
1264 2176 1377 2218 puelle.
1393 2176 1436 2209 de
1451 2181 1561 2209 cetero

354 2235 388 2259 40
413 2225 524 2262 presta
546 2221 687 2252 salutem
713 2222 834 2252 mentis
857 2226 890 2253 et
913 2220 1069 2262 corporis.
1085 2225 1122 2252 ut
1137 2225 1170 2252 te
1186 2225 1368 2252 creatorem
1391 2225 1480 2252 recte
1495 2219 1561 2252 fide

413 2264 508 2296 colat
526 2265 557 2296 in
575 2269 608 2296 te
624 2265 834 2306 redemptore
854 2274 949 2306 spem
969 2274 1063 2296 suam
1079 2263 1260 2295 confirmet.
1277 2269 1376 2306 teque
1391 2273 1561 2297 summum

412 2308 536 2340 bonurn
553 2318 652 2350 super
666 2309 779 2340 omnia
794 2308 912 2350 diligat
927 2313 1028 2350 atque
1043 2308 1167 2340 sanctis
1179 2307 1346 2340 mandatis
1355 2307 1420 2340 tuis
1431 2317 1563 2349 semper

409 2352 552 2384 obediat.
600 2352 660 2383 Per
675 2352 857 2384 dominum.

476 2404 602 2435 Deinde
617 2404 712 2435 illum
726 2403 873 2435 habitum
888 2404 1029 2435 exuendo
1043 2403 1139 2435 dicat.
