1917 2900
314 368 407 399 Sum]
537 367 585 392 ΙΝ
612 367 751 392 VJGJLIA
780 368 806 391 S.
834 367 1042 391 MATTHAE!
1068 367 1122 391 ΑΡ.
1149 367 1204 391 ET
1225 367 1282 391 ΕΓ,
1415 366 1463 399 383

807 449 980 491 (Secreta)

327 502 467 569 UOta
483 503 597 545 populi
621 503 669 534 tui
691 512 872 543 quesumus
894 502 1030 534 domine
1053 502 1249 543 propitiatus
1273 503 1416 534 intende.
1432 507 1466 534 et

441 557 582 587 quorum
613 556 674 577 nos
705 546 820 578 tribuis
851 546 1012 577 solemnia
1041 546 1207 578 celebrare
1235 545 1286 577 fac
1319 546 1466 587 gaudere

317 557 490 632 suffragiqis.
537 590 606 621 Per.

279 644 293 670 5
729 645 826 685 (Post
838 645 1043 685 communio.)

389 697 501 729 Xaudi
538 697 674 728 domine
712 707 824 738 preces
863 702 993 728 nostras
1030 701 1064 728 et
1105 702 1294 728 sanctorum
1333 702 1464 729 tuorum

430 751 571 782 quorum
597 741 682 772 festa
706 740 898 772 solemniter
923 740 1135 772 celebramus.
1162 741 1328 772 continuis
1354 740 1466 773 fouea-

319 794 391 816 mur
405 784 548 816 auxiliis.
595 785 664 816 Per.

324 878 380 919 (IN
406 885 552 911 UIGILIA
575 885 709 910 SANCTI
735 884 883 909 MATHEI
907 884 1087 910 APOSTOLI
1117 885 1164 909 ET
1188 885 1452 911 EUANGELISTE

808 933 992 974 Introt'tus.)

324 986 434 1048 EGO
455 991 556 1016 autem
578 986 655 1015 sicut
676 986 757 1015 oliua
780 985 956 1015 fructificaui
982 986 1013 1014 in
1037 985 1131 1016 domo
1153 986 1268 1016 domini
1292 987 1409 1025 spei-aui
1436 988 1466 1016 in

424 1026 628 1057 misericordia
654 1026 703 1056 dei
732 1026 791 1055 mei
819 1031 848 1055 et
876 1025 1043 1064 expectabo
1071 1035 1183 1056 nomen
1210 1032 1296 1056 tuum
1320 1028 1466 1065 quoniam

320 1068 432 1098 bonum
447 1073 492 1097 est
506 1068 536 1096 in
550 1074 715 1105 conspectu
730 1073 901 1096 sanctorum
917 1072 1044 1096 tuorum.

377 1107 457 1147 (Ps.)
479 1108 561 1145 Quid
575 1107 709 1146 gloriaris
722 1106 753 1136 in
768 1107 881 1136 malitia
905 1107 958 1145 qui
972 1113 1081 1145 potens
1095 1116 1128 1137 es
1143 1106 1173 1136 in
1188 1107 1356 1146 iniquitate.
1399 1107 1468 1147 (ff.)

264 1156 294 1182 ις
318 1149 420 1178 Gloria
433 1149 518 1186 patri.

816 1199 972 1241 (Oratio.)

328 1253 427 1318 DA
458 1253 555 1284 nobis
579 1262 759 1294 quesumus
785 1252 999 1293 omnipotens
1028 1252 1120 1284 deus.
1150 1258 1187 1284 ut
1225 1253 1312 1285 beati
1343 1253 1467 1285 mathei

437 1307 481 1338 ap
483 1296 581 1328 ostoli
598 1296 645 1327 tui
661 1301 695 1327 et
711 1295 924 1336 euangeliste.
939 1305 1040 1336 quam
1051 1296 1263 1337 preuenimus
1278 1297 1468 1328 ueneranda

320 1340 513 1372 solemnitas
528 1345 561 1371 et
577 1340 790 1371 deuotionem
808 1339 903 1370 nobis
918 1344 1040 1379 augeat
1056 1344 1090 1370 et
1104 1339 1255 1371 salutem.
1303 1340 1372 1372 Per

262 1416 297 1435 ιο
806 1403 994 1444 (Epistola.)

329 1457 492 1521 BEatus
507 1456 610 1487 homo
625 1456 681 1496 qui
706 1456 832 1486 inuenit
848 1455 1053 1496 sapientiam.
1098 1455 1243 1496 Require
1258 1456 1293 1487 in
1307 1457 1473 1488 communi

429 1510 528 1531 umus
543 1499 695 1530 marttrt's
702 1498 874 1539 pontificis.
926 1498 972 1540 [p.
988 1506 1062 1537 412.
1065 1498 1078 1539 ]

382 1550 575 1590 (Graduale)
618 1551 718 1580 Iustus
733 1555 765 1579 ut
785 1550 885 1588 palma
904 1549 1022 1580 florebit
1038 1550 1116 1579 sicut
1136 1550 1243 1580 cedrus
1264 1551 1356 1580 libani
1373 1551 1469 1581 multi-

321 1592 478 1631 plicabitur
500 1592 529 1621 in
553 1592 646 1621 domo
667 1591 791 1620 domini
834 1589 902 1629 (ff.)
924 1591 974 1620 Ad
994 1591 1234 1620 annuntiandum
1257 1601 1344 1621 mane
1362 1592 1470 1622 miseri-

264 1644 296 1669 25
320 1633 454 1663 cordiam
470 1638 561 1662 tuam.
575 1636 606 1662 et
620 1631 774 1661 ueritatem
789 1637 871 1660 tuam
886 1640 939 1668 per
953 1636 1082 1660 noctem.

573 1691 773 1733 (Secundum
788 1691 908 1733 lucam)
931 1691 1026 1733 [Luc.
1043 1703 1070 1724 v.
1089 1692 1218 1734 27-32].

330 1746 394 1810 IN
428 1745 483 1776 illo
513 1750 607 1785 temp
608 1753 673 1775 ore.
720 1743 816 1776 Uidit
853 1744 940 1775 iesus
978 1743 1190 1784 publicanum
1229 1745 1367 1781 nomine
1397 1744 1469 1777 leui.

406 1790 579 1820 sedentem
585 1754 652 1818 pad
681 1787 882 1818 theloneum.
905 1792 938 1818 et
969 1787 1016 1819 ait
1040 1786 1095 1818 illi.
1145 1786 1291 1829 Sequere
1318 1798 1379 1819 me.
1425 1788 1471 1820 Et

323 1833 442 1864 relictis
452 1832 608 1863 omnibus
617 1840 756 1872 surgens
765 1835 898 1862 secutus
907 1834 959 1861 est
970 1840 1055 1861 eum.
1094 1830 1140 1862 Et
1150 1830 1227 1863 fecit
1236 1832 1267 1863 ei
1277 1831 1468 1863 conuiuium

266 1887 300 1913 30
324 1886 481 1917 magnum
505 1875 568 1906 leui
593 1875 626 1905 in
650 1874 752 1905 domo
774 1884 842 1905 sua.
889 1874 934 1905 Et
957 1879 1029 1905 erat
1051 1874 1148 1906 turba
1171 1874 1470 1916 multal[s0.143b.

324 1919 575 1961 publicanorum
599 1923 633 1949 et
659 1917 800 1949 aliorum
825 1917 882 1958 qui
907 1927 983 1948 curn
1009 1916 1072 1949 illis
1094 1923 1188 1949 erant
1214 1918 1471 1951 discumbentes.

326 1963 370 1995 Et
396 1962 646 1994 murmurabant
671 1961 812 2002 pharisei
839 1966 872 1992 et
896 1961 1004 1992 scribe
1026 1971 1141 1992 eorum
1166 1962 1315 1994 dicentes
1337 1962 1380 1994 ad
1407 1963 1472 1994 dis-

324 2006 451 2048 cipulos
465 2007 544 2037 eius.
590 2005 703 2046 Quare
725 2014 801 2036 cum
825 2004 1009 2044 publicanis
1024 2010 1059 2036 et
1082 2006 1310 2046 peccatoribus
1333 2006 1472 2037 mandu-

323 2050 406 2081 catis
428 2055 461 2081 et
486 2049 624 2080 bibitis?
669 2048 715 2080 Et
740 2048 944 2089 respondens
971 2048 1065 2079 iesus.
1090 2048 1177 2080 dixit
1200 2049 1242 2080 ad
1267 2048 1348 2081 illos
1396 2049 1472 2080 Non

268 2103 300 2129 35
325 2100 424 2136 egent
440 2094 496 2135 qui
513 2093 584 2124 sani
600 2097 677 2123 sunt
694 2092 831 2123 medico.
848 2092 907 2123 sed
930 2091 986 2132 qui
1003 2091 1089 2123 male
1112 2092 1244 2124 habent.
1291 2093 1368 2124 Non
1384 2093 1472 2124 enim

327 2138 399 2169 ueni
416 2147 535 2168 uocare
551 2137 663 2167 iustos.
679 2136 738 2167 sed
756 2140 945 2176 peccatores
961 2134 1004 2166 ad
1021 2136 1249 2176 penitentiam.

385 2187 614 2228 (Offlrtort'um.)
655 2187 758 2216 Gloria
782 2192 812 2216 et
836 2187 951 2216 honore
979 2187 1128 2217 coronasti
1152 2197 1222 2217 eum
1243 2193 1273 2217 et
1293 2187 1449 2217 constituis
1452 2188 1474 2218 ti

325 2239 394 2259 eum
409 2238 500 2267 super
513 2238 604 2267 opera
619 2237 761 2257 manuum
776 2233 892 2256 tuarum
907 2227 1041 2257 domine.

815 2291 969 2333 (Secreta
973 2292 986 2334 )

267 2363 301 2388 ⁴0
403 2346 565 2378 Postolice
604 2345 786 2376 reuerentie
823 2344 953 2376 culmen
985 2343 1154 2377 offerimus
1191 2346 1291 2377 sacris
1322 2346 1477 2378 misteriis

445 2390 669 2422 imbuendum.
687 2394 798 2430 presta
821 2397 1002 2429 quesumus
1025 2388 1168 2420 domine.
1184 2394 1222 2420 ut
1244 2389 1333 2421 beati
1352 2390 1478 2422 mathei
