1917 2900
328 350 409 381 oc-r.]
660 351 687 375 s.
712 350 839 375 LUCAE
866 350 1170 376 EVANGELJSTAE.
1426 357 1472 384 39¹

389 426 468 466 (Ps.)
490 427 665 456 Benedicite
685 427 788 456 omnia
808 436 898 465 opera
912 427 1027 457 domini
1049 427 1183 458 domino.
1198 427 1317 458 laudate
1331 433 1361 458 et
1378 437 1477 467 super-

329 468 455 497 exaltate
469 477 539 497 eum
554 468 586 497 in
600 468 710 497 secula.
752 467 820 505 (V.)
841 468 952 497 Gloria.

828 526 983 568 (Oratio.)

293 624 306 650 ⁵
339 578 478 644 DEus
505 579 561 620 qui
586 589 645 610 nos
668 578 830 619 conspicis
853 589 897 610 ex
922 584 1035 611 nostra
1058 579 1249 611 infirmitate
1271 579 1421 612 deficere.
1436 580 1479 611 ad

449 632 597 654 amorem
614 628 707 654 tuum
725 632 786 653 nos
803 622 1055 655 misericorditer
1070 633 1129 665 per
1143 628 1332 655 sanctorum
1349 629 1481 656 tuorum

331 666 488 707 exempla
504 671 657 698 restaura.
705 666 772 697 Per.

394 716 587 756 (Graduale.)
651 718 760 746 Inueni
788 717 881 747 dauid
909 727 1029 747 seruum
1058 727 1157 748 meum
1186 718 1254 748 oleo
1281 724 1387 748 sancto
1414 728 1483 748 meo

335 758 406 787 unxi
430 767 511 787 eum.
541 767 647 787 manus
677 758 757 787 enim
786 767 854 787 mea
881 758 1071 788 auxiliabitur
1098 759 1125 788 ei
1148 764 1178 788 et
1203 759 1357 788 brachium
1381 768 1482 788 meum

333 798 512 828 confortabit
540 807 620 828 eum.
663 797 731 837 (Γ.)
767 798 868 828 Nichil
895 799 1031 837 proficiet
1058 798 1197 829 inimicus
1224 799 1256 829 in
1280 809 1328 831 eo.
1349 804 1379 830 et
1406 800 1484 830 filius

281 847 311 866 ιο
335 839 499 878 iniquitatis
521 849 584 869 non
606 840 728 869 nocebit
750 840 785 868 ei.
808 839 933 869 alleluia.
976 839 1045 878 (V.)
1066 841 1187 870 Amauit
1205 850 1274 870 eum
1287 841 1440 871 dominus.
1454 847 1484 870 et

334 881 451 910 ornauit
465 889 545 910 eum.
561 881 678 909 stollam
693 880 787 918 glorie
802 880 898 909 induit
912 890 991 910 eum.

395 928 623 967 (Offlrtorinm.)
666 929 783 958 Ueritas
798 938 864 958 mea
878 933 908 958 et
923 929 1123 959 misericordia
1143 938 1211 959 mea
1231 938 1300 959 cum
1320 929 1394 968 ipso.
1410 935 1440 959 et
1455 929 1485 959 in

335 970 457 999 nomine
471 979 540 999 meo
553 970 728 999 exaltabitur
742 979 834 999 cornu
849 970 922 999 eius.

827 1034 996 1075 (Secreta.)

280 1085 309 1112 ι5
343 1086 526 1151 Mlstica
550 1086 645 1118 nobis
667 1087 803 1118 domine
824 1086 929 1128 prosit
951 1086 1077 1117 oblatio
1098 1096 1164 1128 que
1184 1096 1245 1118 nos
1260 1091 1295 1119 et
1309 1097 1329 1118 a
1344 1086 1490 1118 reatibus

338 1174 362 1205 P
468 1130 589 1161 nostris
624 1130 790 1171 expediat.
826 1135 860 1161 et
895 1134 1056 1171 perpetua
1090 1129 1275 1162 saluatione
1307 1130 1488 1162 confirmet.

363 1184 406 1205 er.

397 1224 607 1263 (Communio.)
651 1226 761 1254 Beatus
783 1234 886 1254 seruus
900 1233 990 1262 quem
1005 1234 1075 1254 cum
1091 1225 1206 1254 uenerit
1219 1224 1369 1255 dominus.
1390 1225 1491 1254 inuen-

334 1266 389 1295 erit
411 1265 592 1304 uigilantem.
613 1274 702 1295 amen
724 1265 794 1294 dico
815 1265 901 1294 uobis
922 1274 1011 1303 super
1031 1266 1133 1295 omnia
1154 1265 1235 1295 bona
1256 1274 1310 1295 sua
1328 1265 1490 1295 eonstituet

278 1314 311 1333 20
336 1315 413 1336 eum.

763 1359 858 1399 (Post
871 1359 1075 1399 communio.)

410 1408 579 1441 Uoeumus
605 1409 817 1450 omnipotens
843 1408 934 1440 deus.
957 1413 995 1440 ut
1019 1413 1147 1440 reatum
1175 1413 1326 1441 nostrum
1354 1418 1490 1447 munera

451 1458 580 1527 sacr-aza
614 1453 787 1494 purificent
822 1457 855 1483 et
892 1458 980 1484 recte
1015 1452 1150 1484 uiuendi
1187 1452 1282 1484 nobis
1312 1457 1490 1495 operentur

335 1496 497 1528 effectum.
571 1506 612 1527 er.

277 1597 307 1622 23
591 1592 646 1633 [lx
672 1598 805 1623 SANCTI
830 1598 928 1624 LUCE
952 1598 1223 1624 EUANGELISTE.

850 1647 989 1689 Oratio]

333 1705 586 1769 sINterueniat
614 1714 674 1746 pro
700 1704 796 1753 nobis
820 1714 1001 1745 quesumus
1025 1703 1159 1735 domine
1179 1709 1316 1736 sanctus
1339 1703 1397 1754 [so.
1420 1705 1487 1744 146.

432 1754 509 1780 tuus
526 1748 614 1779 lucas
629 1747 843 1788 euangeltsta.
867 1748 923 1788 qui
942 1747 1048 1779 crucis
1064 1747 1353 1780 mortificationem
1370 1747 1489 1789 rugiter

335 1793 368 1823 in
385 1802 446 1824 suo
461 1802 598 1833 corpore
615 1802 674 1832 pro
690 1792 737 1822 tui
755 1791 897 1822 nominis
913 1791 1039 1822 honore
1054 1791 1208 1832 portauit.
1255 1792 1323 1823 Per.

278 1868 310 1894 30
826 1859 995 1900 (epistola.)

337 1917 559 1983 Slmilitudo
581 1916 691 1947 uultus
715 1922 857 1957 quatuor
872 1915 1075 1947 animalium.
1118 1916 1262 1956 Require
1276 1916 1312 1947 in
1326 1916 1490 1948 communi

427 1960 648 2002 apostolorum.
693 1959 738 2001 [p.
754 1959 842 2000 403]

790 2028 1031 2069 (euangelium.)

343 2086 587 2152 DEsignauit
603 2086 766 2117 dominus.
812 2085 953 2126 Requirc
969 2085 1027 2116 uhi
1038 2085 1179 2126 epistola.
1223 2085 1268 2127 [p.
1283 2085 1373 2127 410.]

826 2185 994 2225 (Secreta.)

278 2194 308 2220 35

346 2242 497 2307 DOnis
522 2253 583 2273 nos
607 2242 781 2273 celestibus
804 2241 848 2272 da
870 2251 1050 2282 quesumus
1079 2241 1214 2273 domine
1243 2241 1346 2273 libera
1377 2246 1489 2273 mente

455 2286 584 2318 seruire.
608 2291 645 2320 ut
669 2295 805 2316 munera
827 2295 892 2325 que
915 2284 1101 2316 deserimus.
1125 2285 1365 2316 intemeniente
1387 2284 1486 2316 beato

334 2330 540 2371 euangelista
563 2335 622 2360 tuo
644 2329 727 2360 luca.
752 2334 784 2360 ct
806 2328 971 2360 medelam
987 2328 1082 2360 nobis
1097 2333 1274 2371 operentur
1288 2334 1322 2359 et
1336 2327 1487 2370 gloriam.

336 2373 405 2405 Per.
