1917 2900
404 387 452 414 500
739 382 891 407 BENEDI
893 383 914 407 C
917 382 957 407 TI
956 382 978 407 0
1001 381 1153 407 PUEROR
1157 381 1219 407 UM.

404 618 495 660 J(Ad
509 619 708 650 induendum
724 625 866 660 puerum
883 619 953 650 siue
967 618 1112 659 puellam
1133 618 1281 650 ltabztum
1301 623 1368 658 pro
1393 618 1454 660 [so.
1486 619 1575 651 180b.

803 667 875 694 uoto
888 663 958 694 siue
973 662 1159 703 deuotione.)

466 718 612 758 (Versus.)
634 719 827 748 Adiutorium
842 724 977 748 nostrum
991 719 1023 747 in
1038 719 1159 748 nomine
1174 718 1298 748 domini.

468 759 536 798 (B.)
557 760 618 797 Qui
635 760 703 789 fecit
718 760 817 789 celum
832 764 862 789 et
876 765 991 789 terram.

351 810 365 837 5
467 799 535 839 (ff.)
558 801 689 830 Domine
703 801 809 830 exaudi
825 801 991 830 orationem
1006 809 1112 830 meam.

482 840 536 880 R.)
559 842 598 871 Et
612 842 725 871 clamor
738 851 822 871 meus
837 841 875 870 ad
891 846 920 871 te
934 842 1044 871 ueniat.

481 881 536 921 spz)
559 883 708 912 Dominus
723 883 890 912 uobiscum.

481 922 535 962 R.)
558 924 597 952 Et
612 933 682 953 cum
697 924 800 961 spiritu
816 928 876 953 tuo.

911 997 1056 1029 Oremus.

367 1073 384 1091 0
907 1054 1062 1095 (Oratio.)

417 1111 609 1176 DOminc
645 1111 713 1142 iesu
747 1111 866 1142 christe
902 1111 958 1151 qui
994 1115 1106 1141 nostra
1143 1121 1203 1151 pro
1239 1110 1349 1142 salute
1385 1112 1579 1153 suscipiens

528 1155 709 1186 humanam
757 1159 919 1186 naturam.
958 1159 992 1185 te
1029 1154 1230 1186 uestimento
1274 1154 1386 1186 carnis
1435 1156 1578 1187 induere

411 1199 568 1240 dignatus
613 1209 657 1229 cs.
704 1198 937 1229 benedictione
982 1203 1097 1229 sancta
1141 1202 1207 1229 tua.
1248 1198 1473 1238 bcne(›1‹]-dic
1515 1201 1578 1231 ista

412 1242 550 1283 paruula
578 1243 785 1273 uestimenta.
813 1252 878 1283 que
903 1252 963 1283 pro
987 1242 1101 1283 gratiis
1132 1242 1191 1273 tibi
1222 1241 1453 1274 exsoluendis.
1484 1244 1578 1275 omni

357 1300 386 1327 15
412 1296 487 1317 curn
516 1286 694 1317 deuotione
719 1290 901 1326 sanctoque
932 1292 1019 1317 uoto.
1052 1296 1090 1317 ac
1121 1286 1336 1317 ueneratione
1367 1286 1571 1318 beatissime

414 1330 459 1361 M.
476 1329 584 1361 infans
602 1331 669 1361 iste.
685 1331 756 1360 siue
767 1330 878 1370 puella
902 1329 967 1360 ista
989 1339 1087 1369 super
1110 1339 1145 1361 se
1168 1334 1383 1371 suscepturus
1408 1335 1471 1361 est.
1525 1331 1578 1362 In-

413 1373 514 1404 sunde
530 1374 561 1404 in
579 1384 655 1405 eum
673 1383 853 1414 quesumus
877 1378 969 1404 tuam
993 1378 1142 1404 sanctam
1165 1373 1526 1413 bene(›1‹)dictionem.
1544 1380 1580 1406 ut

413 1427 488 1448 curn
525 1418 669 1458 primum
707 1417 849 1448 induerit
884 1416 947 1448 hoc
984 1416 1132 1457 religioni
1172 1416 1278 1448 simile
1318 1418 1580 1450 uestimentum.

414 1461 641 1492 intercedente
664 1467 787 1492 sancto.
809 1461 849 1492 ι’.
866 1461 1047 1492 descendat
1071 1471 1169 1502 super
1191 1471 1267 1492 eurn
1291 1462 1401 1501 gratia
1427 1467 1489 1493 tua
1515 1473 1580 1503 que

414 1510 568 1547 protegat
593 1505 684 1536 illum
709 1505 751 1536 ab
774 1506 865 1536 omni
891 1505 980 1536 malo
1004 1506 1123 1536 mentis
1148 1510 1180 1535 et
1198 1505 1351 1546 corporis.
1401 1505 1472 1547 Qui
1495 1507 1582 1538 uiuis

414 1554 445 1580 et
464 1554 573 1580 cetera.

354 1073 363 1091 1

358 1499 390 1517 20

480 1606 606 1637 Deinde
627 1610 777 1646 aspergat
799 1605 998 1636 uestimenta.
1021 1610 1052 1636 et
1072 1605 1164 1636 illum
1187 1605 1257 1636 siue
1280 1605 1382 1635 illam.
1400 1610 1434 1636 ct
1449 1606 1585 1638 adoleat

415 1660 545 1681 mcenso.

482 1693 563 1726 Cum
580 1704 654 1724 uero
668 1693 758 1725 exuit
771 1703 842 1724 eum
859 1693 913 1724 uel
924 1703 1004 1724 eam.
1020 1692 1113 1724 dicat.

878 1775 922 1814 (A
929 1774 1105 1815 ntipllona.)

360 1794 392 1821 25

423 1830 588 1893 ERipiat
609 1832 749 1861 dominus
770 1831 808 1860 de
829 1830 920 1860 corde
935 1837 988 1860 tuo
1003 1831 1093 1860 seculi
1110 1839 1244 1869 pompaS.
1261 1830 1373 1868 quibus
1387 1832 1587 1865 abraehrun·

525 1873 602 1901 tiasti
619 1872 691 1901 dum
707 1872 888 1910 baptismum
904 1873 1075 1910 susciperes.

478 1912 557 1951 (Ps.)
590 1913 693 1951 Erripe
716 1922 764 1942 me
785 1913 907 1942 domine
931 1912 970 1942 ab
991 1913 1112 1942 homine
1130 1912 1220 1942 malo.
1235 1922 1252 1941 a
1272 1913 1336 1942 uiro
1353 1913 1465 1951 iniquo
1487 1916 1588 1953 erripe

418 1963 474 1983 me.
519 1954 623 1992 Erripe
644 1963 692 1982 me
717 1954 755 1983 de
780 1954 907 1982 inimicis
929 1954 1003 1983 meis
1025 1953 1099 1982 deus
1121 1962 1214 1982 meus.
1238 1959 1268 1982 et
1289 1953 1328 1982 ab
1351 1954 1588 1993 insurgentibus

361 1991 393 2016 3⁰
418 1995 449 2024 in
472 2004 520 2024 me
540 1995 632 2024 libera
646 2004 702 2023 me.
748 1995 851 2031 Erripe
867 2004 914 2023 me
929 1995 968 2024 de
983 1994 1174 2032 operantibus
1190 1993 1389 2032 iniquitatem.
1404 2001 1437 2025 et
1454 1997 1496 2026 de
1513 1997 1588 2026 uiris

418 2036 597 2074 sanguinum
613 2035 695 2065 salua
710 2044 766 2064 me.
809 2035 911 2064 Gloria
927 2036 1010 2073 patri.
1055 2035 1136 2064 Sicut
1152 2041 1220 2064 erat.

482 2089 601 2120 Postea
626 2089 743 2120 induat
765 2099 838 2120 eum
861 2095 945 2130 capa.
970 2094 1000 2120 et
1022 2089 1187 2129 scapulari
1207 2094 1383 2130 antequam
1407 2090 1535 2132 cingat.
1558 2099 1590 2124 ct

416 2133 510 2165 dicat.

878 2190 922 2229 (A
930 2189 1106 2229 nttjoltona.)

362 2251 393 2279 35
425 2246 578 2308 IMmitat
593 2247 623 2274 in
638 2252 667 2275 te
682 2246 822 2275 dominus
837 2252 956 2275 sanctus
972 2245 1120 2283 religionis
1134 2254 1265 2274 amorem
1282 2251 1452 2284 sanctoque
1464 2248 1588 2278 feruore

498 2287 692 2317 suscendaris.
709 2292 738 2316 et
752 2287 857 2316 ardeas
872 2287 1026 2316 celestium
1043 2286 1192 2315 bonorum
1208 2285 1367 2316 desiderio.

479 2327 557 2367 (Ps.)
581 2327 715 2357 Laudate
730 2328 820 2366 pueri.
837 2332 865 2356 et
876 2332 975 2357 celera.
1019 2327 1122 2357 Gloria
1137 2327 1220 2365 patn'.
1236 2331 1264 2356 et
1276 2331 1375 2356 cetera.

482 2387 693 2419 Postmodum
709 2388 818 2428 cingat
831 2398 903 2418 cum
920 2387 974 2418 uel
986 2397 1057 2418 eam
1073 2386 1209 2418 dicendo.
