1917 2900
723 357 1043 383 BENEDICTIONES.
1412 363 1461 389 495

602 541 817 582 (INCIPIUNT
840 548 1146 574 BENEDICTIONES

693 604 742 629 AD
766 604 931 629 FRUCTUS
955 604 1089 630 NOUOS.

832 665 970 706 Oratio.)

326 722 515 787 DOmine
530 727 644 754 sancte
660 728 753 763 pater
767 722 979 763 omnipotens
995 727 1107 754 eterne
1129 722 1219 754 deus.
1235 723 1291 764 qui
1308 722 1415 754 celum
1432 727 1466 754 et

435 771 564 798 terram.
581 776 671 797 mare
682 770 716 797 et
731 765 844 797 omnia
858 766 985 797 creasti.
997 766 1122 807 respice
1131 776 1318 807 quesumus.
1330 771 1367 797 ut
1379 766 1467 797 hunc

320 809 461 842 fructum
487 820 619 842 nouum.
641 808 907 850 bene(›1‹)dicere
930 813 964 841 et
990 808 1272 851 sancti(›1‹)ficare
1301 809 1464 851 digneris:

319 858 356 885 ut
387 853 604 895 multiplicare
633 853 843 885 abundanter
871 852 1096 885 offerentibus.
1126 858 1162 885 ut
1193 853 1320 895 repleas
1349 863 1463 885 eorum

319 896 437 928 celatia
459 907 535 928 cum
560 896 771 928 multitudine
794 896 949 927 frumenti
973 901 1007 928 et
1034 897 1101 927 uini
1128 901 1163 928 et
1190 896 1331 928 letantes
1358 897 1391 928 in
1415 897 1464 928 eis

319 940 461 972 reserant
477 940 535 972 tibi
551 941 616 972 deo
631 939 850 981 omnipotenti
867 939 982 971 laudes
997 944 1030 971 et
1046 940 1176 981 gratias.
1223 940 1291 971 Per.

262 1053 298 1073 ιο
570 1046 637 1086 (ΑΙ)
660 1052 962 1077 BENEDICENDUM
987 1051 1204 1077 SYNDONEM.

834 1100 971 1142 Oratio.)

324 1157 589 1223 OMnipotens
619 1157 701 1189 deus
731 1157 859 1189 trinitas
890 1156 1119 1198 inseparabilis
1157 1158 1308 1189 manibus
1330 1159 1467 1190 nostris.

438 1211 536 1242 opem
567 1201 675 1233 tribue
706 1200 971 1232 benedictionem
1002 1200 1148 1232 infunde.
1174 1207 1211 1232 ut
1235 1212 1294 1242 per
1317 1206 1464 1234 nostram

321 1244 585 1276 benedictionem
601 1244 662 1275 hec
677 1245 809 1285 syndon
833 1243 1126 1284 bene(›1‹)dicetur.
1141 1249 1174 1276 et
1189 1245 1336 1285 corporis
1351 1245 1464 1277 christi

266 1298 299 1326 ¹5
322 1297 447 1319 nouum
478 1288 665 1329 sepulcrum
703 1287 807 1319 sancti
845 1287 978 1328 spiritus
1015 1287 1122 1328 gratia
1152 1286 1347 1328 perficiatur.
1409 1289 1470 1320 Per

322 1332 474 1363 eundem.

475 1425 542 1465 (AD
564 1431 866 1457 BENEDICENDUM
891 1430 1133 1456 LINTEAMINA
1157 1431 1315 1457 ALTARIS

837 1487 976 1528 Oratio.)

331 1544 521 1610 DOmine
536 1544 619 1575 deus
634 1543 845 1584 omnipotens
861 1543 918 1584 qui
940 1543 985 1575 ab
1007 1543 1100 1575 initio
1122 1543 1309 1575 hominibus
1327 1544 1422 1576 utilia
1437 1549 1472 1577 et

441 1588 625 1619 necessaria
647 1587 773 1618 creasti.
800 1587 1083 1628 quemadmodum
1111 1587 1310 1619 uestimenta
1340 1588 1472 1629 pontifi-

324 1632 416 1663 calia.
432 1630 658 1663 sacerdotibus
680 1635 714 1661 et
737 1630 852 1661 leuitis.
868 1635 1064 1662 ornamenta
1089 1634 1122 1662 et
1146 1629 1339 1662 linteamina
1362 1631 1470 1664 facere

326 1675 487 1707 famulum
518 1679 614 1706 tuum
638 1683 784 1714 moysen.
806 1683 864 1715 per
886 1674 1107 1715 quadraginta
1129 1674 1199 1705 dies
1225 1674 1374 1706 docuisti.
1398 1675 1469 1706 siue

325 1719 424 1750 etiam
452 1728 492 1750 ea
521 1727 586 1758 que
617 1717 719 1748 maria
749 1717 858 1749 texuit
882 1721 916 1748 et
941 1716 1017 1748 fecit
1044 1717 1076 1748 in
1104 1727 1199 1748 usum
1224 1722 1258 1749 et
1286 1718 1468 1750 misterium

324 1761 526 1794 tabernaculi
554 1760 681 1792 sederis.
705 1760 752 1791 sic
785 1759 1063 1800 sancti(›1‹)ficare
1090 1760 1364 1799 bene(›1‹)dicere.
1391 1771 1468 1793 con-

266 1815 301 1841 25
324 1814 518 1846 sectareque
547 1804 691 1846 digneris
722 1803 781 1835 hec
811 1803 1005 1835 linteamina
1031 1804 1064 1835 in
1091 1813 1187 1835 usum
1214 1803 1326 1836 altaris
1353 1805 1401 1836 tui
1426 1807 1468 1837 ad

325 1848 505 1889 tegendum
544 1847 848 1888 inuoluendumque
880 1856 1000 1888 corpus
1029 1851 1063 1878 et
1099 1847 1295 1889 sanguinem
1327 1847 1382 1879 filii
1420 1848 1470 1880 tui

326 1892 451 1923 domini
468 1891 568 1923 nostri
585 1891 654 1922 iesu
671 1890 790 1922 christi.
836 1889 902 1931 Qui
918 1895 1037 1922 tecum.

404 2000 471 2040 (AD
493 2003 797 2030 BENEDICENDUM
822 2003 1065 2028 LINTEAMINA
1089 2004 1136 2028 ET
1160 2003 1392 2029 INDUMENTA

528 2048 686 2073 ALTARIS
710 2047 756 2072 ET
779 2046 869 2071 ALIA
893 2046 989 2072 UASA
1012 2047 1060 2072 ΕΤ
1084 2047 1287 2072 UTENSILIA

839 2101 976 2143 Oratio.)

332 2161 509 2227 EXaudi
540 2161 614 2199 nosl
644 2168 823 2200 quesumus
852 2157 988 2189 domine
1011 2162 1046 2189 et
1075 2157 1269 2190 linteamina
1292 2157 1472 2199 [fo.179b.

439 2205 570 2245 aliaque
597 2203 800 2234 indumenta.
827 2210 956 2232 necnon
982 2206 1016 2232 et
1041 2211 1121 2233 uasa
1147 2206 1269 2233 sancta.
1292 2201 1472 2243 omniaque

325 2248 480 2281 utensilia
488 2247 581 2279 altari
598 2251 656 2278 tuo
665 2250 766 2286 atque
775 2244 911 2276 ecclesie
926 2249 990 2276 tue.
1002 2249 1205 2285 cunctosque
1216 2245 1320 2276 sancti
1334 2245 1472 2277 misterii

328 2294 359 2324 in
383 2292 434 2324 sui
459 2294 640 2333 preparata.
668 2287 939 2329 bene(›1‹)dicere
963 2292 997 2319 et
1021 2286 1300 2329 sancti(›1⁴)ficare
1323 2288 1471 2330 dignare.

267 2348 302 2375 35
329 2337 398 2367 Per.
