1917 2900
431 377 554 402 SABBA
560 378 607 403 To
629 377 705 408 QUA
711 378 809 403 TUOR
835 378 1052 404 YEJIPORUA!
1070 378 1125 403 DE
1145 378 1342 403 ADVENTU.
1449 383 1466 408 9

810 461 823 502 (
827 460 980 502 Secreta.)

317 517 397 582 M
408 516 575 549 Uneribus
592 518 712 548 nostris
728 528 908 558 quesumus
923 519 1060 549 domine
1077 518 1294 559 precibusque
1305 518 1467 559 susceptis

358 604 393 635 d·
447 565 482 635 <13
505 560 683 592 celestibus
708 571 767 592 nos
792 561 916 592 munda
941 562 1114 593 misteriis:
1148 567 1181 593 et
1204 561 1385 593 clementer
1406 571 1465 592 ex-

311 614 356 635 au
384 614 403 635 1.
477 614 519 635 er.

264 660 279 686 5
374 660 563 696 (Communia
575 660 586 695 )
630 660 711 689 Ecce
726 660 868 689 dominus
880 661 982 689 ueniet
992 665 1022 689 et
1037 669 1144 690 omnes
1155 661 1251 690 sancti
1262 659 1328 690 eius
1337 669 1408 689 curn
1417 669 1464 689 eo.

310 707 343 730 et
358 701 416 730 erit
431 699 463 729 in
478 699 529 730 die
545 700 594 729 illa
609 701 659 730 lux
673 710 789 739 magna.

737 765 835 806 (Post
849 766 1052 806 commuuio.)

386 821 431 854 Ui
454 832 515 853 nos
536 822 673 853 domine
695 822 895 854 sacramenti
918 822 1034 853 libatio
1054 827 1170 853 sancta
1187 827 1366 853 restauret:
1398 827 1432 853 et
1447 832 1467 853 a

430 870 598 897 uetustate
621 872 788 907 purgatos.
812 866 844 897 in
870 866 1007 897 misterii
1032 866 1185 897 salutaris
1208 865 1308 897 saciat
1328 866 1468 897 transire

251 921 282 940 ιο
312 910 531 940 consortium.
580 909 641 940 Per
655 909 837 941 dominum.

562 1015 745 1055 (SABBATO
767 1015 979 1057 [QUATUORJ
1002 1023 1223 1048 TEMPORUM.

652 1077 681 1109 S
682 1079 764 1110 tatio
778 1079 827 1110 ad
837 1084 984 1110 sanctum
992 1083 1132 1119 petrum.

318 1174 451 1239 UEni
475 1184 506 1206 et
529 1176 659 1223 ostende
684 1177 779 1224 nobis·
798 1134 1014 1207 tgtggltssltttgssm
1038 1178 1162 1208 domine
1193 1178 1245 1216 qui
1267 1178 1356 1208 sedes
1377 1187 1468 1216 super

255 1224 283 1250 ¹3
430 1217 587 1247 cherubim
602 1222 632 1247 et
647 1218 724 1247 salui
739 1228 860 1248 erimus.

313 1258 490 1336 μ’)(Ι-ἐξῑῖ31ρῖ
492 1258 575 1336 &9112t
576 1259 661 1327 ¹i’iegis
675 1259 769 1296 ysrael
784 1259 917 1288 intende.
933 1260 985 1297 qui
1001 1259 1130 1289 deducis
1149 1259 1232 1289 uelut
1245 1268 1336 1288 ouem
1352 1259 1465 1297 ioseph.

575 1352 726 1384 Oremus.
752 1353 941 1384 Flectamus
956 1363 1074 1393 genua.
1090 1353 1207 1384 leuate.

813 1422 824 1462 (
829 1421 951 1453 Oratio.
956 1421 968 1460 )

257 1484 288 1503 το
324 1476 465 1541 DEus
494 1477 550 1518 qui
581 1477 746 1517 conspicis
775 1477 853 1518 quia
883 1487 927 1508 ex
954 1482 1067 1508 nostra
1096 1477 1260 1518 prauitate
1290 1476 1470 1519 affligimur

436 1520 583 1551 concede
608 1521 771 1561 propitius
802 1526 837 1551 ut
866 1531 911 1552 ex
942 1526 1000 1551 tua
1030 1521 1221 1552 uisitatione
1249 1521 1467 1552 consolemur.

315 1563 392 1605 Qui.

528 1631 650 1672 (Lectio
656 1642 758 1672 ysaye
764 1632 928 1673 proplccte)
944 1632 1024 1674 [Isa.
1041 1633 1112 1664 xix.
1129 1632 1258 1673 20-22].

363 1689 392 1720 N
410 1689 529 1720 diebus
545 1688 628 1719 illis:
653 1688 855 1720 Clamabunt
870 1690 912 1720 ad
937 1689 1110 1721 dominum
1127 1699 1147 1720 a
1166 1689 1249 1720 facie
1272 1689 1468 1720 tribulantis

263 1738 291 1764 ²5
403 1738 438 1764 et
451 1733 561 1764 mittet
576 1733 625 1763 eis
640 1732 842 1763 saluatorem
854 1739 888 1764 et
900 1738 1183 1774 propugnatorem
1199 1733 1255 1774 qui
1272 1732 1388 1764 liberet
1403 1743 1471 1764 eos·

321 1775 367 1807 Et
396 1781 617 1817 cognoscetur
642 1776 798 1807 dominus
822 1775 866 1807 ab
888 1777 1022 1818 egipto:
1056 1782 1090 1808 et
1120 1782 1325 1817 cognoscent
1354 1776 1469 1817 egiptii

319 1819 506 1851 dominum.
523 1820 554 1850 in
572 1820 626 1850 die
643 1819 707 1850 illa.
753 1819 798 1851 Et
819 1819 929 1851 colent
943 1830 1019 1851 eum
1037 1820 1070 1850 in
1086 1820 1204 1851 hostiis
1219 1825 1253 1851 et
1269 1819 1469 1851 muneribus.

318 1869 352 1894 et
374 1870 456 1894 uota
472 1862 641 1894 uouebunt
664 1864 809 1894 domino.
825 1868 859 1894 et
881 1863 1021 1894 soluc'nt.
1068 1863 1112 1894 Et
1128 1863 1290 1904 percutiet
1312 1863 1468 1894 dominus

318 1907 480 1948 egiptium
511 1905 612 1948 plaga
641 1912 675 1937 et
705 1906 850 1944 sanabit]
881 1917 946 1938 eos.
978 1913 1012 1938 et
1042 1912 1246 1938 reuertentur
1275 1907 1317 1938 ad
1351 1905 1408 1948 [so.
1437 1915 1467 1945 4

267 1966 294 1991 3⁰
317 1951 500 1981 dominum.
524 1955 558 1981 ct
581 1949 766 1991 placabitur
787 1950 843 1981 eis.
898 1951 943 1982 Et
968 1950 1098 1981 sanabit
1122 1960 1180 1981 eos
1206 1951 1362 1982 dominus
1386 1950 1468 1981 deus

317 1999 436 2025 noster.

381 2048 576 2088 (Graduale.)
608 2050 636 2078 A
645 2048 798 2080 ssummo'r
810 2050 877 2079 celo
886 2050 1016 2089 egressio
1025 2050 1089 2079 eius
1100 2055 1130 2079 et
1142 2059 1286 2079 occursus
1295 2050 1361 2078 eius
1373 2058 1468 2087 usque

320 2091 358 2120 ad
370 2100 522 2120 summum
537 2091 614 2120 eius.
656 2091 725 2128 (M)
747 2091 812 2120 Celi
828 2096 967 2120 enarrant
981 2090 1106 2129 gloriam
1121 2091 1170 2120 dei
1180 2096 1209 2120 et
1220 2099 1312 2129 opera
1321 2099 1467 2119 manuum

321 2132 385 2161 eius
399 2131 559 2160 annuntiat
575 2132 807 2161 firmamentum.

271 2183 294 2210 33
566 2183 718 2215 Oremus.
765 2183 953 2215 Flectamus
969 2193 1085 2225 genua.
1102 2183 1218 2214 lenate.

815 2253 827 2293 (
832 2252 969 2292 Oratio.)

322 2307 521 2375 COncede
545 2318 725 2349 quesumus
752 2310 963 2349 omnipotens
987 2309 1078 2340 deus.
1106 2314 1142 2339 ut
1169 2308 1225 2350 qui
1252 2308 1315 2339 sub
1338 2308 1465 2348 peccati

425 2352 504 2393 iugo
547 2362 592 2382 ex
642 2357 772 2383 uetusta
817 2353 976 2383 seruitute
1019 2352 1243 2393 deprimimur.
1287 2355 1467 2392 expectata

323 2396 480 2437 unigeniti
497 2394 555 2426 filii
571 2396 619 2426 tui
636 2405 723 2426 noua
739 2396 912 2427 natiuitate
929 2395 1112 2427 liberemur.
1161 2395 1222 2426 Per
1236 2395 1389 2426 eundem.
