1917 2900
335 372 419 404 Now]
469 374 515 398 SS.
542 374 748 404 QUATTUOR
777 374 925 399 CORONA
932 375 1080 401 TORUM:
1108 376 1134 400 S.
1166 376 1243 400 THE
1245 375 1368 400 ODORI.
1437 379 1483 406 397

760 458 857 499 (Post
871 459 1074 499 communio.)

410 513 576 546 Uesumus
599 514 812 555 omnipotens
835 514 924 545 deus.
947 520 985 546 ut
1007 515 1063 555 qui
1086 515 1220 547 celestia
1236 515 1395 546 alimenta
1411 525 1482 556 per-

449 557 598 598 cepimus
621 557 846 589 intercedente
870 558 969 589 beato
984 558 1109 589 cesario
1125 559 1258 590 martire
1273 563 1333 590 tuo
1348 568 1407 600 per
1422 559 1482 590 hec

333 605 448 632 contra
463 600 576 632 omnia
591 601 732 632 aduersa
748 602 942 633 muniamur.
990 602 1058 633 Per.

292 697 306 723 5
368 696 424 735 (IN
449 701 680 728 SANCTORUM
706 702 909 728 MARTIRUM
933 702 1114 734 QUATUOR
1138 702 1432 728 CORONATORUM.

824 751 1007 792 Introitus.)

338 805 458 868 INtret
480 808 511 837 in
536 812 703 846 conspectu
731 813 784 837 tuo
811 808 934 838 domine
961 808 1089 846 gemitus
1116 808 1364 847 compeditorum.
1392 807 1483 838 redde

411 848 517 877 uicinis
545 848 652 878 nostris
680 849 849 886 septuplum
874 849 905 877 in
929 849 997 878 sinu
1024 858 1139 880 eorum.
1161 849 1283 879 uindica
1305 850 1480 888 sanguinem

330 895 500 918 sanctorum
514 894 633 918 tuorum
648 889 699 927 qui
714 889 825 918 effusus
838 894 890 919 est.

275 926 305 944 ¹0
389 928 469 968 (Ps.)
513 930 596 959 Deus
622 935 767 959 uenerunt
790 935 895 968 gentes
924 930 955 959 in
984 929 1180 960 hereditatem
1205 935 1296 960 tuam.
1321 931 1479 968 poluerunt

328 970 473 1007 templum
487 975 624 999 sanctum
639 976 724 999 tuum
738 975 901 1008 posuerunt
915 969 1070 1000 ierusalem
1085 970 1115 999 in
1130 980 1287 1009 pomorum
1302 970 1478 1001 custodiam.

328 1009 396 1048 (V.)
417 1011 527 1040 Glofia.

826 1063 983 1104 (Oratio.)

334 1119 493 1183 PResta
508 1129 689 1161 quesumus
703 1120 916 1160 omnipotens
931 1120 1022 1151 deus.
1034 1125 1071 1152 ut
1081 1120 1138 1162 qui
1154 1120 1315 1161 gloriosos
1332 1121 1481 1152 martires

272 1164 301 1190 ¹⁵
429 1163 605 1194 claudium.
630 1163 877 1195 nichostratum.
898 1164 1086 1195 castorium.
1101 1164 1362 1205 simphorianum
1378 1169 1480 1206 atque

326 1206 523 1248 simplitium
540 1206 641 1238 sortes
657 1207 689 1237 in
705 1217 766 1238 sua
781 1206 987 1238 consessione
1007 1208 1235 1248 cognouimus.
1252 1208 1325 1248 pios
1339 1209 1429 1249 apud
1445 1212 1479 1239 te

326 1249 359 1280 in
376 1255 489 1281 nostra
504 1250 738 1282 intercessione
752 1251 943 1282 sentiamus.
990 1251 1058 1282 Per.

385 1305 578 1343 (Graduale.)
621 1305 752 1336 Uindica
772 1306 895 1336 domine
916 1305 1090 1344 sanguinem
1105 1312 1277 1336 sanctorum
1292 1312 1410 1337 tuorum
1425 1306 1477 1345 qui

326 1345 437 1375 effusus
468 1351 522 1376 est.
579 1346 647 1385 (V.)
686 1347 853 1376 Posuerunt
882 1346 1019 1376 mortalia
1052 1356 1204 1376 seruorum
1240 1353 1358 1377 tuorum
1394 1357 1477 1377 escas

268 1393 301 1411 20
325 1386 497 1416 uolatilibus
524 1387 581 1417 celi
615 1396 718 1416 carnes
746 1392 918 1416 sanctorum
946 1392 1066 1417 tuorum
1097 1387 1199 1417 bestiis
1229 1393 1315 1418 terre.
1346 1389 1472 1418 alleluia.

323 1426 391 1465 (V.)
414 1427 549 1458 Laudate
569 1427 726 1457 dominum
748 1427 778 1457 in
801 1428 911 1458 sanctis
932 1428 1005 1458 eius.
1021 1428 1140 1458 laudate
1155 1437 1225 1459 eum
1240 1428 1270 1458 in
1286 1429 1476 1460 firmamento

325 1467 441 1497 uirtutis
451 1468 523 1498 eius.

385 1520 614 1560 (Offirtorium.)
655 1522 765 1551 Anima
786 1527 886 1551 nostra
908 1521 984 1551 sicut
1001 1531 1102 1560 passer
1121 1527 1223 1560 erepta
1244 1528 1288 1552 est
1309 1522 1348 1552 de
1366 1523 1475 1561 laqueo

324 1562 506 1591 uenantium.
522 1562 647 1600 laqueus
660 1562 804 1591 contritus
818 1569 863 1592 est
877 1567 907 1592 et
921 1572 977 1592 nos
991 1562 1106 1592 liberati
1117 1572 1229 1592 sumus.

267 1628 298 1654 ²⁵
816 1627 985 1669 (Secreta.)

330 1679 565 1744 BEnedictio
588 1684 647 1711 tua
671 1679 805 1729 domine
836 1679 928 1721 larga
951 1680 1161 1730 descendat..
1178 1689 1243 1721 que
1272 1684 1306 1711 et
1337 1689 1474 1712 munera

429 1729 542 1754 nostra
571 1723 825 1764 deprecantibus
853 1728 977 1755 sanctis
1005 1728 1072 1755 tuns
1101 1723 1160 1755 tibi
1187 1723 1304 1755 reddat
1327 1728 1474 1765 accepta.

321 1772 355 1798 et
372 1766 467 1798 nobis
482 1771 727 1798 sacramentum
743 1767 982 1808 redemptionis
996 1766 1126 1798 efficiat.
1173 1767 1240 1798 Per.

382 1821 592 1861 (Communia.)
648 1823 813 1852 Posuerunt
848 1822 984 1852 mortalia
1015 1832 1168 1853 seruorum
1200 1827 1319 1852 tuorum
1350 1822 1474 1853 domine

265 1867 298 1892 30
319 1872 405 1892 escas
439 1862 612 1892 uolatilibus
656 1863 712 1892 ceii
746 1872 850 1893 carnes
890 1869 1060 1894 sanctorum
1102 1869 1220 1893 tuorum
1255 1862 1357 1892 bestiis
1397 1868 1473 1894 terre

319 1904 485 1934 secundum
501 1903 738 1942 magnitudinem
754 1903 864 1933 brachii
879 1903 920 1933 tui
936 1903 1057 1942 posside
1071 1904 1148 1934 filios
1162 1902 1249 1934 morti
1263 1903 1442 1942 punitorum.

742 1969 839 2010 (Post
851 1970 1053 2010 communio.)

323 2021 555 2088 CElestibus
593 2020 704 2053 resecti
740 2021 954 2052 sacramentis
991 2025 1026 2052 et
1062 2020 1202 2071 gaudiis.
1238 2020 1404 2071 suppiices
1437 2026 1471 2071 te

427 2066 562 2097 domine
591 2065 807 2103 deprecamur
837 2069 874 2096 ut
903 2074 1044 2106 quorum
1080 2064 1259 2106 gloriamur
1296 2064 1471 2107 triumphis

263 2122 293 2148 3⁵
319 2114 534 2150 protegamur
547 2108 689 2140 auxiliis.
737 2108 804 2139 Per.

577 2202 635 2240 (IN
658 2207 792 2232 SANCTI
816 2206 1012 2232 THEODORI
1038 2205 1227 2230 MARTIRIS.

832 2255 971 2295 Oratio.)

329 2307 467 2372 DEus
483 2308 540 2349 qui
556 2318 618 2339 nos
634 2308 721 2339 beati
733 2308 883 2339 theodori
897 2307 1039 2339 martiris
1050 2307 1097 2338 tui
1108 2305 1314 2338 consessione
1326 2305 1469 2346 gloriosa

439 2351 625 2383 circumdas
641 2358 674 2383 et
691 2352 843 2392 protegis.
868 2356 980 2390 presta
1003 2351 1098 2382 nobis
1122 2360 1166 2381 ex
1189 2350 1259 2381 eius
1283 2349 1469 2380 imitatione

262 2410 296 2433 40
320 2393 487 2436 proficere.
503 2400 537 2427 et
553 2395 703 2426 oratione
719 2395 832 2426 fulciri.
880 2395 948 2425 Per.
